1988 2698
203 110 305 162 144
895 94 1010 162 Q(
1050 101 1104 159 ὦ(
1135 95 1253 164 ff&

208 218 358 273 nibus
391 230 563 272 tamen
600 217 671 273 est
716 215 982 272 timendus.
1059 221 1235 275 Pando
1282 220 1541 284 secretum,
1619 219 1803 278 Timor

196 297 313 351 DEI
344 297 415 350 est
450 334 466 357 .
502 294 666 366 qui,fi
696 292 761 347 ad
799 310 958 366 portas
989 296 1151 350 cordis
1193 300 1265 350 tui
1308 296 1523 351 excubet
1551 337 1566 362 ,
1604 303 1656 351 in
1691 315 1799 360 tuto

194 372 348 449 posita
398 371 510 425 sunt
556 376 753 425 omnia.
842 375 942 428 vix
993 372 1184 427 Cainus
1231 410 1245 433 ,
1294 371 1611 429 perditorum
1655 373 1799 427 Prin-

177 467 309 521 ·ceps
333 488 349 510 ,
389 453 628 501 timorem
667 448 783 502 DEI
809 445 1032 519 deposuit
1066 489 1078 511 ‚
1126 450 1264 502 fortis
1303 449 1400 503 esse
1435 449 1575 504 defiit
1613 471 1640 516 ,·
1679 455 1796 523 quia

192 524 419 579 timenda
448 542 551 576 non
573 528 741 577 timuit
781 561 798 586 ,
833 529 979 578 timet
1012 524 1169 579 mod&
1206 544 1310 581 non
1359 526 1599 590 timenda,
1678 527 1796 580 lna-

191 607 249 655 ni
324 617 508 672 pavore
578 605 770 654 territus
820 637 838 663 ,
917 619 977 654 ac
1037 602 1249 674 seipsum
1311 618 1501 657 terrens
1563 641 1579 665 ,
1657 603 1796 661 idem

195 677 394 748 semper
421 713 440 739 ,
499 684 553 732 ὄε
600 677 722 729 alius
760 698 789 741 ,-
871 675 937 730 ibi
989 678 1183 750 semper
1233 716 1248 741 ,
1328 687 1382 734 δε
1434 678 1549 733 alibi
1632 697 1651 749 3
1749 678 1798 732 se

196 753 327 828 fugit
411 771 472 806 ao
543 752 761 823 sequitur
818 790 835 816 ,
901 754 1123 812 scelestus
1187 755 1445 810 scelestum
1508 780 1522 811 ε
1563 755 1795 810 umbram

191 831 332 883 suam
374 843 520 902 pavet
553 866 568 891 ,
609 828 836 882 mendax
875 831 1197 885 mendacem.
1276 831 1446 886 David
1482 868 1498 893 ‚
1534 849 1793 886 coronato·

191 924 308 959 rum
374 910 596 978 primus,
638 906 899 959 Carneum
935 906 1311 962 Philistinorum
1355 909 1791 981 propugnaculum

187 983 396 1042 Goliam
434 983 603 1035 stravit
623 983 824 1046 juvenis
855 1018 871 1041 ,
909 990 963 1038 δε
992 989 1144 1036 unico
1177 982 1340 1055 lapide
1373 982 1605 1037 fundavit
1632 985 1792 1038 Rem-

188 1056 449 1129 publicam
481 1081 494 1114 :
534 1057 617 1111 sed
660 1056 744 1109 ubi
783 1056 976 1112 adultus
1006 1059 1129 1113 nihil
1156 1061 1359 1131 periculi
1383 1064 1437 1112 in
1465 1059 1568 1131 ipso
1597 1065 1793 1130 pericu-

187 1136 240 1188 lo
295 1137 464 1188 timuit
511 1171 528 1196 ,
569 1132 783 1189 imbellis
843 1132 872 1185 a
951 1135 1181 1189 foemina
1241 1140 1458 1190 vincitur
1510 1171 1526 1195 ,
1606 1133 1791 1188 eodem

189 1228 345 1283 prope
386 1225 652 1265 momento
689 1249 705 1273 ‚
741 1227 843 1281 quo
880 1215 1111 1266 timorem
1158 1210 1336 1276 abjecit
1387 1249 1404 1271 ‚
1462 1216 1650 1284 integer
1735 1217 1791 1264 δε

187 1287 478 1344 confr-aetus
506 1324 523 1348 ‚
560 1288 721 1342 castus
807 1294 863 1342 δε
914 1288 1119 1341 adulter.
1202 1286 1347 1360 Qid
1381 1286 1576 1340 solidius
1610 1324 1625 1347 ,
1665 1285 1791 1355 quid

189 1360 383 1417 firmius
428 1377 562 1435 petra
593 1367 618 1416 ,ἓ
656 1360 799 1415 Sciffa
833 1379 1003 1416 tamen
1043 1365 1113 1420 est
1140 1381 1275 1434 petra
1303 1402 1316 1426 ,
1355 1365 1615 1435 postquam
1642 1367 1790 1416 timo-

187 1457 298 1494 rem
316 1438 547 1510 'perdidit
572 1438 739 1494 Petrus
764 1476 778 1500 ,
802 1447 856 1496 δι
883 1456 1140 1493 commota
1152 1441 1222 1496 est
1238 1479 1252 1503 ,
1268 1441 1531 1512 postquam
1571 1439 1652 1492 ille
1676 1437 1789 1492 des-

188 1515 246 1569 iit
301 1513 558 1587 trepidare.
673 1517 827 1589 Igitur
871 1517 1035 1571 DEuM
1061 1521 1184 1569 time
1207 1555 1222 1578 ‚
1301 1525 1355 1573 δε.
1427 1515 1517 1568 tibi
1588 1532 1710 1568 cave
1770 1549 1787 1575 ‚

187 1596 304 1664 quia
319 1599 501 1645 vitreus
514 1609 565 1644 es
588 1630 601 1653 ,
616 1591 813 1645 &inter
825 1594 963 1646 casus
975 1591 1213 1645 ambulas.
1255 1591 1486 1644 Perversa
1502 1589 1614 1644 sane*
1627 1607 1788 1643 teme-

188 1673 302 1721 ritas
330 1707 342 1733 ,
370 1685 482 1739 quae
511 1669 693 1740 stuppae
718 1666 977 1721 flammam
1006 1667 1192 1734 subjicit
1218 1704 1235 1730 ‚
1274 1675 1328 1721 &.
1363 1670 1502 1739 cupit
1530 1702 1545 1726 ,
1590 1681 1645 1718 ut
1682 1683 1790 1718 non

188 1744 524 1798 succendatur
548 1765 575 1808 ;
602 1761 712 1814 quae
741 1747 865 1796 vitra
894 1742 1084 1798 collidit
1097 1761 1219 1797 curn
1247 1760 1502 1798 marmore
1527 1747 1610 1806 ,δε
1635 1747 1788 1813 cupit,

191 1837 250 1876 ut
284 1838 389 1872 non
430 1819 739 1893 frangantur.
817 1819 963 1874 Putas
994 1856 1012 1880 ,
1050 1817 1318 1872 arundines
1352 1819 1629 1880 restituraS,
1656 1818 1788 1873 dum

187 1897 380 1951 cadunt
408 1897 662 1948 columna:
693 1909 709 1949 ὲ
746 1895 968 1950 Noauas
993 1914 1098 1948 non
1126 1893 1394 1949 offensuras
1422 1932 1439 1957 ,
1465 1892 1591 1949 dum
1616 1891 1788 1948 offen..

188 1971 321 2028 dunt
352 1973 543 2042 Aquilae
568 1985 582 2024 ὲ
626 1974 763 2025 Vitta
806 1970 915 2023 fore
942 1987 1046 2026 tuta
1072 2011 1086 2032 ,
1113 1970 1236 2024 dum
1255 1964 1787 2043 rumpiturcrystallus?

191 2051 365 2106 Nemo
387 2051 542 2100 vincit
572 2086 586 2110 ,
611 2046 697 2100 nili
725 2050 812 2117 qui
845 2048 1054 2119 trepidat
1072 2069 1097 2112 ‚-
1122 2065 1276 2100 nemo
1300 2049 1495 2102 securus
1529 2086 1545 2113 ,
1573 2046 1664 2102 nifi
1696 2051 1786 2120 qui

405 2124 631 2186 timiduS,
707 2122 974 2196 Quamdiu
997 2124 1212 2196 trepidus
1238 2141 1345 2177 non
1361 2124 1509 2178 fueris
1529 2159 1546 2191 ‚

476 2218 550 2271 ,te
573 2200 800 2254 securum
820 2217 884 2251 ne
898 2217 1025 2272 puta.
1107 2199 1289 2274 Cogita
1302 2207 1463 2278 perite

730 2291 779 2345 te
791 2277 926 2351 poste
945 2316 962 2341 ‚
981 2294 1046 2331 ne
1061 2294 1241 2351 pereas-

1184 2351 1187 2353 ’
1514 2348 1792 2420 XXXVII,
