1988 2698
159 117 252 166 1¹¹
802 109 920 180 ff(
954 115 1013 176 »F
1044 113 1160 183 >Q

151 237 438 292 'amatorem
464 228 610 290 nebis
634 229 879 311 mitigent.
956 239 1082 293 Sunt
1110 238 1401 295 candelabra
1424 234 1638 298 lucentia
1660 280 1676 304 ,
1702 261 1757 298 ut

152 311 296 368 nobis
320 320 453 367 viam
484 313 548 368 ad
579 316 841 385 supernam
872 322 1076 385 patriam
1094 321 1508 374 commonstrent.
1588 324 1759 374 Inter·

124 433 127 435 .
153 396 218 443 ris
240 388 326 442 vili
356 392 465 443 sunt
487 430 501 453 ‚
526 402 583 463 'ut
607 390 769 444 essent
795 394 1031 463 exemplo
1056 400 1146 463 3in
1161 396 1314 450 coelos
1349 396 1498 449 levati
1526 397 1634 450 sunt
1670 435 1685 458 ,
1707 412 1761 449 ut

127 466 244 519 ⁴fint
257 473 546 539 patrocinio.
623 472 797 538 Qare
821 487 977 540 quem·
1004 488 1090 542 per
1125 474 1382 526 intervalla
1420 473 1588 527 sortito
1612 491 1777 528 acce--

127 549 224 615 *pit
246 581 262 605 ,
289 545 540 616 exquisitis
563 544 809 617 obsequiis
840 546 1090 601 demereri
1131 549 1214 602 sibi
1254 551 1440 605 studuit
1478 553 1757 604 Stanislaus.

149 622 276 676 Non
301 620 576 684 dubitabat,
609 628 736 695 quin
767 642 956 698 magno
994 621 1196 679 deleffii-
1227 626 1398 680 habito
1437 627 1520 681 fibi
1548 626 1574 680 εὶ
1613 628 1757 682 DEO

146 701 482 770 porrigeretur
506 737 520 761 ,
554 702 692 753 velut
734 702 931 771 clypeus
970 717 1145 755 contra
1172 705 1394 760 incursus
1416 703 1711 759 daemonum
1742 741 1758 766 ,

144 775 284 827 velut
315 775 476 828 calcar
504 776 568 830 ad
593 781 781 829 virtutis
818 777 1042 832 studium
1086 793 1103 840 ,·
1140 781 1274 833 velut
1298 781 1662 853 compendium
1692 779 1754 834 ad

147 865 341 904 metam
378 852 556 905 salutis.
604 868 606 871 ·
639 856 871 928 Virgines
903 860 1160 908 innocenti
1199 863 1410 929 puritate
1445 898 1460 921 ,
1510 859 1755 927 Martyres

144 927 379 1001 singulari
405 934 634 1000 patientia
655 966 669 989 ,
694 929 1012 984 Confcffores
1038 935 1314 1005 exemplari
1365 940 1464 988 vita
1498 934 1754 987 devincie-

147 1003 251 1057 bat.
329 1007 614 1061 Contentus
648 1023 754 1059 non
793 1025 896 1059 erat
934 1008 1035 1060 solo
1068 1011 1239 1062 osculo
1266 1049 1280 1072 ,
1307 1027 1390 1063 aut
1418 1011 1755 1081 perfunstoria

147 1081 366 1134 lectione
386 1103 414 1146 ,-
449 1081 616 1136 minus
655 1084 964 1137 multointer
990 1089 1278 1157 quisquilias
1298 1087 1544 1155 rejiciebat
1570 1126 1582 1148 ,
1607 1092 1757 1139 nimis

84 1200 93 1205 -
144 1157 446 1213 indecorum
489 1176 620 1213 ratus
651 1197 667 1221 ‚
706 1160 739 1213 fi
778 1179 1023 1235 magnum
1051 1168 1328 1235 principem
1366 1164 1584 1217 domum
1616 1165 1753 1215 suam

142 1239 386 1308 reciperet
409 1242 513 1295 s&
534 1237 784 1290 continuo
811 1237 944 1310 quafi
974 1240 1248 1294 fastiditum
1289 1239 1532 1292 inurbana
1572 1237 1756 1312 digres-

142 1310 280 1364 sione
327 1310 487 1368 {olum
534 1315 852 1386 relinqueret.
931 1317 1282 1371 AEmulabatur
1318 1316 1612 1370 charismata
1643 1333 1758 1368 rne-

141 1388 281 1441 liora.
315 1388 725 1445 Thesauriinstar
749 1391 1020 1446 asservabat
1063 1393 1286 1454 sollicite,-
1315 1398 1454 1467 Qias
1481 1396 1544 1445 ex
1573 1410 1752 1447 eorum

147 1464 442 1521 nominibus
467 1469 686 1521 Litanias
709 1474 1104 1521 concinnaverat
1130 1509 1142 1529 ‚
1178 1475 1227 1521 in
1259 1475 1430 1523 mortis
1454 1468 1678 1522 confinio
1692 1467 1754 1521 (i-

144 1541 194 1594 bi
220 1543 415 1616 praelegi
441 1581 455 1604 ,
483 1552 537 1600 δε
570 1563 673 1597 non
699 1545 786 1597 nifi
821 1564 939 1599 cum
967 1546 1040 1599 his
1067 1545 1375 1607 schedulis‚e
1407 1548 1538 1598 collo
1555 1545 1753 1617 pendu-

141 1620 201 1671 lis
219 1624 470 1679 ,animam
503 1638 649 1693 agere
674 1623 845 1676 voluit.
924 1622 1097 1695 Quam
1119 1623 1288 1677 secure
1313 1623 1540 1697 migrabit
1577 1628 1756 1694 igitur,

144 1699 235 1766 qui
248 1710 318 1747 tot
332 1697 672 1769 talesq3Duccs
687 1697 771 1751 fibi
783 1699 842 1753 ad
843 1699 1203 1772 junxitlQuam
1222 1700 1346 1753 nihil
1359 1713 1549 1753 metuet
1563 1698 1757 1751 daem'o-

146 1787 274 1825 num
304 1772 504 1827 assultus
526 1815 539 1836 ‚
556 1783 721 1827 cuitot
739 1776 984 1831 Custodes
999 1777 1190 1831 scutum
1217 1771 1556 1849 praetendunt!
1576 1773 1753 1848 Qam

147 1865 258 1900 non
299 1852 588 1921 expavescet
616 1851 801 1915 Judicis
843 1854 1138 1907 sententiam
1173 1892 1188 1916 ,
1242 1872 1333 1926 pro
1373 1872 1477 1926 quo
1512 1869 1614 1906 tam
1650 1853 1758 1904 elo-

144 1942 361 1996 quentes
393 1945 626 1999 perorant
667 1929 915 2011 Advocati
942 1935 961 1982 !
1001 1931 1211 1985 Paulum
1249 1935 1340 1984 erit
1362 1968 1377 1990 ,
1407 1938 1460 1986 δε
1493 1944 1761 1983 momento

147 2006 306 2054 unico
334 2008 385 2055 in
417 2012 747 2060 aeternitatem
783 2012 1022 2060 attonitus
1057 2012 1254 2081 rapieris
1281 2046 1295 2068 ‚
1331 2006 1625 2062 Timothee.
1704 2007 1760 2058 O

145 2085 388 2131 aeternitas
414 2085 432 2132 .'
468 2081 642 2149 Quam
675 2098 724 2134 te
752 2100 905 2136 nemo
931 2089 1059 2155 capit
1092 2125 1105 2147 ,
1133 2085 1220 2137 nifi
1241 2089 1326 2156 qui
1353 2084 1382 2136 εἰ
1405 2101 1455 2138 te
1480 2097 1652 2155 captus
1667 2083 1756 2136 est!

144 2155 201 2208 O
236 2162 504 2210 aeternitas!
576 2158 749 2232 Qam
776 2159 862 2212 tibi
891 2177 989 2213 vox
1017 2161 1178 2214 brevis
1201 2201 1212 2223 ‚
1239 2169 1293 2216 δε
1316 2161 1470 2234 quarn
1493 2163 1670 2233 longus
1686 2159 1757 2213 est

145 2228 308 2285 sensus
335 2225 349 2287 l
379 2234 430 2285 O
458 2242 702 2288 aeternitas
730 2229 745 2291 l
780 2235 950 2309 Quam
982 2245 1147 2308 paucis
1168 2238 1406 2310 descripta
1431 2240 1601 2291 litteris
1632 2275 1645 2296 ‚
1672 2235 1753 2287 sae-

143 2309 257 2362 cula
286 2307 438 2376 quam
479 2314 724 2364 immensa
755 2313 1294 2370 describislAEternitas
1313 2321 1520 2368 vitaeaut
1543 2315 1757 2365 mortis!

148 2385 410 2455 Horribilis
424 2387 527 2444 fine
540 2392 806 2447 menstruis
834 2391 1104 2450 Advocatis
1115 2387 1275 2450 lBeata
1288 2411 1404 2454 cum
1422 2392 1497 2447 his
1509 2381 1750 2524 Rugii}
