1988 2698
143 117 242 167 108
791 105 920 173 ἢ(
963 108 1018 170 ffi'
1073 108 1200 175 ΕΞ)

140 249 228 289 ore
254 228 420 286 clauso
448 231 537 282 eor
561 231 767 300 aperuit.
847 229 1149 287 Fideliorem
1178 236 1499 306 interpretem
1527 233 1755 292 dofflini

137 307 377 365 cordium
407 306 645 359 hastenus
670 325 777 359 non
807 311 1020 363 invenit.
1102 312 1183 363 An
1219 326 1356 364 amet
1384 348 1398 371 ,
1429 319 1483 366 δε
1523 313 1756 385 loquatur

136 406 202 442 ex
229 383 386 439 corde
410 423 424 445 ,
452 381 744 437 transfixum
773 383 916 446 latus,
936 387 1088 440 veluti
1127 405 1322 440 novum
1347 404 1530 461 guttur,
1547 392 1757 442 interro-

140 482 220 538 ga.
271 461 477 518 Videbis
502 499 516 522 ,
543 458 699 532 quium
737 460 926 516 fincera
962 464 1057 517 tela
1096 461 1162 516 ibi
1197 462 1335 517 faber
1374 466 1534 518 Amor
1558 465 1712 519 cudat
1739 502 1755 527 ,

140 548 198 597 δι
237 538 331 612 ipsa
371 536 579 608 petitoris
625 555 803 591 arcana
848 539 1045 611 pandat.
1125 539 1260 596 CsJm
1286 540 1456 598 adhuc
1479 542 1637 594 multa
1663 560 1755 596 vo,-

140 617 336 670 lentem
358 614 477 666 flere
502 613 689 684 spiritus
725 614 978 670 defecisset
1002 655 1016 678 ,
1042 634 1163 687 quas
1205 635 1309 670 non
1350 623 1509 689 potuit
1546 618 1759 688 amplifis

135 711 203 747 ex
226 694 421 745 lumine
452 726 467 750 ‚
504 689 643 744 dedit
678 692 919 764 lacrymas
955 711 1019 746 ex
1072 694 1282 747 vulnere
1315 711 1331 762 3
1374 711 1426 746 ut
1471 710 1611 746 novo
1643 711 1760 764 pro.

138 768 614 840 baretargumenm,
633 766 774 836 quod
787 766 1088 824 Amicorum
1117 771 1420 824 calamitates
1433 769 1577 841 plan&
1605 772 1755 822 mise-

139 861 269 898 ratus
284 844 336 896 fit
352 862 415 896 ex
427 841 600 897 corde.
621 843 765 915 Quid
783 863 901 919 ergo
916 845 1013 898 hoc
1027 846 1115 900 est?
1129 845 1227 900 Ubi
1234 845 1480 915 judicium
1496 846 1745 901 nostrum?

139 921 243 975 Ubi
256 920 377 974 fides
401 920 693 973 ?Amantur
717 939 855 993 opeS,
882 926 1103 994 pecunia:
1132 961 1148 989 ,
1169 940 1350 978 aurum
1367 947 1379 976 ε
1395 921 1517 993 quid
1533 924 1758 992 periculo

140 997 515 1052 fius?Amantut
540 994 760 1050 honores
787 998 1250 1073 ‚tituli,dignitatos
1273 1023 1286 1054 z
1317 998 1439 1068 quid
1455 1001 1626 1051 vanius
1647 1012 1663 1051 ,³
1686 1000 1759 1052 A,

139 1091 347 1130 mantur
361 1074 567 1134 deliciae,
581 1073 1137 1145 voluptate5‚i11ecebrae:
1152 1075 1275 1147 quid
1289 1075 1471 1131 foedius
1487 1075 1759 1129 2Amantut

139 1155 258 1222 equi
281 1189 296 1211 ,
326 1168 476 1204 canes
502 1186 518 1210 ,
551 1149 674 1203 feles
700 1188 714 1211 ,
753 1156 888 1222 porei
921 1175 934 1206 ε
959 1151 1082 1223 quid
1099 1153 1244 1206 vilius
1267 1167 1285 1208 ε
1312 1154 1474 1207 Etiam
1503 1167 1612 1222 qux
1640 1148 1762 1205 odio

138 1226 426 1301 dignissima
441 1227 552 1280 sunt
579 1263 595 1286 ‚
625 1226 856 1282 Mundus
886 1265 902 1288 ‚
934 1229 1102 1292 Caro,
1180 1237 1232 1284 &
1251 1231 1471 1284 Daemon
1497 1242 1754 1282 amantur:

137 1305 265 1359 solus
291 1311 440 1356 Amor
484 1321 581 1356 non
601 1317 817 1356 amatur.
896 1302 1093 1359 Fierine
1107 1310 1310 1375 poterit,
1334 1320 1390 1357 ut
1407 1321 1590 1374 ,quern
1622 1305 1762 1359 Dnus

138 1386 207 1436 ita
246 1379 404 1455 diligit
442 1377 709 1433 hominem
739 1417 754 1440 ‚
792 1396 897 1434 tam
938 1380 1115 1452 partim
1146 1379 1305 1434 homo
1331 1379 1506 1455 diligat
1541 1382 1762 1436 Dssuu?

138 1460 301 1518 Ama,
326 1455 510 1510 amabo
538 1493 553 1516 ‚
593 1457 871 1510 Amantem
893 1472 941 1509 te
983 1455 999 1520 ξ
1078 1460 1246 1515 Nimis
1267 1456 1420 1511 durus
1458 1457 1616 1518 fores,
1643 1455 1674 1509 fi
1701 1474 1757 1509 a·

137 1534 285 1590 more‘
301 1530 573 1603 rependere
584 1533 766 1594 nolles,
785 1535 1042 1605 postquam
1061 1551 1109 1588 te
1128 1549 1262 1587 tanta
1289 1532 1556 1589 dile-&ione
1573 1550 1759 1604 praeve-

135 1617 229 1666 nit.
308 1611 431 1664 Non
464 1610 587 1662 alius
629 1612 748 1679 petit
775 1628 866 1662 cor
904 1625 1047 1663 tuum
1085 1646 1101 1671 ,
1142 1608 1295 1682 quam
1337 1615 1422 1680 qui
1466 1607 1591 1664 illud
1630 1626 1754 1661 con-

135 1687 268 1742 didit
309 1709 325 1741 :
412 1683 520 1738 imo
595 1702 780 1738 munus
841 1685 1005 1742 credit
1077 1725 1092 1748 ,
1169 1685 1296 1740 dum
1370 1687 1516 1738 suum
1587 1689 1760 1754 recipit

134 1764 353 1833 implere
424 1761 693 1833 hospitium
771 1766 905 1833 cupit
973 1800 987 1824 ‚
1073 1762 1212 1834 quod
1321 1763 1563 1816 exstruxit
1653 1760 1758 1814 fibi.

137 1842 223 1897 Ne
252 1838 411 1892 homo
436 1856 523 1891 cor
555 1838 743 1891 recuset
772 1876 787 1900 ,
812 1837 1050 1910 impreffit
1076 1837 1216 1893 cordi
1242 1836 1541 1894 defidcrium
1569 1839 1637 1891 sui
1665 1876 1680 1900 ,
1705 1845 1760 1893 δε

135 1915 337 1973 tamdiu
379 1919 659 1986 inquietum
703 1913 867 1969 reddit
901 1955 915 1977 ,
958 1913 1206 1987 quamdiu
1251 1933 1313 1968 co
1365 1914 1558 1986 hospite
1583 1930 1715 1969 caret
1741 1950 1761 1978 ,

160 2032 164 2036 -
212 1998 302 2068 qui
349 1990 479 2046 solus
518 1991 791 2062 hospitium
838 1993 1045 2062 implere
1072 1992 1239 2063 potest.
1323 1990 1552 2045 Admitte
1579 2028 1596 2054 ‚
1626 1999 1685 2048 δι

461 2085 577 2141 ama
614 2085 729 2129 me,
751 2069 934 2121 clamat
962 2067 1047 2121 tibi
1077 2068 1214 2138 apud
1255 2068 1453 2124 Divum

628 2145 946 2201 Bernatdum
983 2162 1000 2213 3
1048 2162 1133 2198 aut
1169 2163 1265 2221 ego

797 2220 994 2279 damno
1041 2235 1104 2278 te.

1515 2296 1754 2355 vam.
