1988 2698
214 138 1822 354 ffiffiwgssssssffiffiffigi

723 431 728 437 ·
822 414 912 501 X
934 413 1021 499 X
1045 413 1207 499 IV·

218 576 428 712 NEc
451 579 584 629 navis
609 573 710 629 fine
722 573 1087 648 gubernatore,
1111 611 1126 635 ,
1150 591 1243 628 nec
1266 570 1440 626 tabella
1470 569 1572 624 sine
1600 569 1819 643 pi&ore{

398 670 493 705 nee
510 651 611 705 fine
631 652 902 705 archite&o
924 652 1187 722 palatium,
1217 668 1312 702 nec
1353 648 1454 700 fine
1488 650 1626 720 Rege
1656 653 1819 718 impe·

218 734 348 781 rium
371 764 386 787 ,
419 745 514 781 nec
550 727 650 780 fine
677 727 807 782 duce
835 732 1082 780 exercitus
1113 766 1127 787 ,
1153 744 1250 780 nec
1277 725 1377 777 fine
1403 725 1546 777 DEO
1571 725 1640 777 est
1669 742 1819 776 mun--

215 802 325 864 dus.
370 804 417 855 Si
433 822 561 858 terra
587 843 602 869 ‚
631 803 663 857 fi
716 809 868 857 maria
901 842 916 864 ‚
948 802 1109 857 ficoeli
1139 803 1314 856 scirent
1344 801 1480 868 loqui
1518 821 1544 863 ‚-
1571 800 1820 870 loquentis

217 895 402 931 natura:
439 898 536 933 vox
575 899 679 934 una
721 880 825 933 haee
867 879 985 932 esset
1026 903 1037 934 ε
1080 879 1225 932 datur
1262 877 1447 932 DEUS.
1529 877 1585 928 Et
1637 874 1819 929 mundi

217 955 427 1026 quidem
465 957 825 1011 administratio
852 955 975 1009 nihil
1012 955 1157 1009 habet
1182 960 1231 1006 in
1260 954 1305 1006 sc
1333 992 1347 1015 ,
1386 949 1524 1022 quod
1550 951 1819 1022 reprehen-

216 1032 270 1084 di
311 1031 460 1102 poffit.
538 1034 585 1086 Si
623 1038 735 1104 quis
770 1037 1016 1104 corrigere
1060 1028 1250 1104 aliquid
1285 1029 1457 1090 volet,
1490 1043 1573 1079 aut
1598 1026 1816 1081 deterius

219 1108 406 1177 [ποίαις
442 1123 528 1162 aut
559 1107 637 1170 id,
667 1108 803 1180 quod
836 1109 1055 1160 fierinon
1086 1113 1245 1179 potuit
1266 1144 1282 1168 ‚
1312 1102 1619 1157 defiderabit.
1696 1104 1819 1156 Por-

217 1182 276 1236 ro
301 1199 484 1254 quanta
511 1191 660 1240 maris
682 1186 751 1239 est
781 1184 1100 1256 pulchritudo
1126 1199 1141 1238 .>
1180 1187 1307 1255 Quae
1347 1181 1523 1252 species
1544 1215 1560 1239 ‚
1584 1188 1637 1236 &t
1661 1186 1818 1232 varie-

219 1273 290 1313 tas
312 1259 581 1314 insularum
610 1265 776 1334 ?Q1ae
801 1264 1103 1313 amaenitates
1144 1262 1386 1314 Littorurn
1427 1269 1442 1310 ?
1493 1259 1634 1328 Quot
1659 1273 1817 1329 gene-

218 1354 268 1388 ra
298 1374 312 1397 ‚
337 1339 587 1408 quamque
617 1336 825 1407 disparia
853 1337 1130 1389 belluarum
1158 1373 1173 1395 ,
1216 1339 1390 1406 partim
1431 1332 1813 1391 submersarum,

184 1477 186 1479 ¹
216 1412 397 1464 Partim
427 1411 726 1465 fluitantium
768 1450 783 1473 ‚
809 1416 988 1485 partim
1045 1415 1379 1464 innatantium
1413 1445 1429 1469 ‚
1459 1412 1632 1479 partim
1654 1408 1718 1460 ad
1746 1409 1818 1460 sa-

216 1505 279 1539 xa
308 1493 486 1540 nativis
508 1488 996 1544 testisinhaerentium
1024 1501 1040 1541 ἓ
1087 1490 1252 1559 Ipsum
1281 1502 1446 1539 autem
1478 1500 1614 1537 marc
1641 1481 1816 1536 ficret-

215 1580 322 1616 ram
346 1562 628 1625 claudit‚ut
657 1583 756 1617 una
782 1583 844 1618 ex
882 1563 1072 1617 duabus
1110 1580 1287 1617 natura
1325 1559 1535 1614 conflata
1573 1559 1812 1613 videatur.

213 1640 407 1693 Exinde
446 1646 572 1694 mari
611 1640 856 1694 finitimus
895 1649 980 1693 ae'r
1012 1677 1027 1702 ‚
1072 1645 1172 1706 jam
1211 1638 1347 1691 fusus
1382 1675 1396 1700 ,
1430 1644 1483 1691 δι
1517 1650 1812 1688 extenuatus

212 1719 263 1766 in
305 1716 510 1768 sublime
543 1718 700 1769 fertur
735 1737 750 1767 .·
800 1722 901 1783 jam
949 1732 1213 1769 concretus
1265 1721 1318 1767 in
1374 1712 1527 1766 nubes
1562 1718 1761 1785 cogitur
1797 1731 1811 1764 ε

210 1794 311 1857 jam
331 1792 564 1845 humores
587 1794 822 1865 colligens
853 1791 1088 1845 imbribus
1103 1806 1283 1844 terram
1320 1806 1466 1864 auget
1490 1809 1504 1838 .-
1539 1792 1640 1854 jam
1681 1787 1809 1847 hue,

208 1873 262 1919 δε
292 1868 407 1920 illuc
430 1866 655 1922 defluens
681 1884 855 1922 ventos
877 1864 1044 1922 efficit.
1120 1868 1172 1920 Si
1204 1868 1390 1921 coelum
1405 1866 1629 1935 aspicias,
1655 1870 1810 1916 mira-

210 1941 335 1995 beris
351 1982 362 2000 ,
375 1961 479 1996 uno
495 1944 648 1999 fidere
662 1953 836 1997 omnia
854 1950 918 1997 im
927 1941 1426 2014 pleri3solem,contri
1442 1940 1592 2010 quam
1611 1938 1810 2011 putabat

210 2019 517 2089 Copernicus
554 2057 570 2081 ,
652 2023 710 2080 ἰᾷ
751 2019 1067 2091 antidiano
1090 2021 1231 2073 ‘cursu
1268 2015 1637 2087 dieinofflsque
1665 2017 1809 2090 spatia

207 2093 428 2166 fignare,·
456 2097 664 2151 aestatem
707 2107 760 2154 &
792 2100 1029 2168 hyemem
1062 2097 1312 2168 aequaliter
1332 2092 1571 2147 dividere.
1652 2092 1807 2149 Vide-

206 2168 277 2222 bis
293 2207 307 2227 ‚
323 2172 516 2231 lunam,
534 2174 637 2226 solis
655 2181 890 2229 vicariam
906 2180 1074 2246 ,aquis
1089 2171 1392 2242 potiffimum
1410 2210 1423 2234 ‚
1445 2178 1501 2225 δι
1525 2168 1668 2222 rebus
1706 2169 1805 2222 hu·

206 2245 356 2299 midis
395 2246 656 2303 dominari.
735 2253 1167 2319 Mare,tanquam
1210 2249 1404 2305 {ervum
1441 2285 1456 2308 ‚
1495 2261 1804 2317 quocunque

208 2336 289 2375 eat
315 2361 330 2385 ‚
372 2324 738 2395 secumytrahiq
756 2346 808 2382 ut
832 2326 957 2382 cum·
973 2325 1192 2380 ascendit
1215 2361 1232 2390 ,
1257 2338 1492 2397 augeatur
1505 2344 1535 2390 ,-
1558 2321 1680 2451 egini
1709 2321 1798 2451 {lc-

242 2420 246 2429 “
912 2401 975 2457 Μ
1014 2420 1035 2472 3
1614 2415 1707 2452 cen
1745 2401 1799 2458 it,
