1988 2698
167 103 256 160 148
854 100 970 167 effi(
1005 106 1060 161 ›1‹
1092 100 1218 168 Εἷς

163 219 290 277 tudo
297 221 400 289 jam
418 221 625 278 monstri
674 221 844 277 locum
886 223 1125 278 obtineat.
1212 225 1332 278 Non
1362 223 1431 279 est
1457 223 1562 279 fere
1595 228 1774 284 vitium

162 299 325 361 aliud,
353 297 492 370 quod
515 315 618 353 tam
649 301 794 353 multi
825 300 977 355 verbo
991 301 1240 356 damnent
1267 317 1284 367 ς
1336 316 1441 353 tarn
1498 303 1646 355 multi
1689 322 1770 358 re-

159 375 251 431 bus
281 375 390 447 ipfis
415 377 797 448 ample&antur,
810 396 870 431 ac
884 394 1097 432 teneant.
1176 376 1285 431 Vah
1304 378 1550 446 perversos
1571 396 1732 435 mores
1757 375 1773 438 Ξ

158 454 250 509 Nil
279 456 483 526 cogitari
508 454 810 526 pestilentius
839 455 1008 525 potest.
1086 456 1311 528 Ingratus
1338 452 1436 506 hoo
1461 456 1769 511 unumbene

155 530 291 593 facit,
306 530 423 582 cum
440 533 577 601 perit.
658 530 750 586 Vel
765 529 926 586 bestiae
941 532 1156 585 sentiunt
1171 529 1413 583 beneficia
1426 551 1453 594 ,-
1492 549 1587 583 nec
1609 534 1770 588 ullum

155 622 262 662 tam
299 606 694 660 immansuetum
737 610 925 662 animal
958 610 1057 670 est,
1092 606 1232 678 quod
1270 625 1375 660 non
1429 613 1623 680 mitiget
1650 627 1777 664 cura

154 693 209 741 δε
233 699 391 736 amor.
469 685 703 736 Leonum
745 703 827 736 ora
867 684 896 737 a
936 685 1182 758 Magisttis
1216 683 1421 753 impune?
1445 685 1770 740 tranetantur.

150 758 550 831 Elephantorum
582 760 827 813 feritatem
873 779 1030 832 usque
1063 760 1125 814 ad
1143 760 1313 815 servile
1351 759 1647 830 obsequium
1678 760 1771 816 de-

153 851 378 892 meretur
402 834 557 888 cibus.
633 834 780 889 Adeo
809 841 979 898 etiam,
1004 855 1114 908 qux
1127 852 1264 888 extra
1288 837 1599 890 intemetum
1620 855 1773 909 atque

157 915 539 969 aestimationem
565 910 797 965 beneficii
832 912 988 984 posita
1015 915 1126 966 sunt
1150 950 1166 972 ,
1197 912 1440 966 affiduitas
1470 918 1632 966 meriti
1659 932 1768 985 pet·-

156 993 331 1047 tinacis
375 991 579 1040 evincit.
658 988 903 1043 Avertant
936 990 1125 1061 superi,
1153 981 1451 1044 Timothee!
1531 990 1600 1041 Ut
1629 988 1771 1044 bruta

155 1065 363 1140 posthac
381 1063 783 1119 Christianorum
801 1066 1067 1138 Magistros
1079 1080 1242 1139 agant.
1298 1065 1602 1119 Execramut
1615 1066 1771 1120 lirae-

156 1146 282 1205 litas,
307 1138 447 1213 quod
471 1142 793 1194 tantainiilos
826 1140 966 1196 miffit
994 1141 1264 1202 beneficia,
1294 1148 1349 1196 δε
1400 1140 1583 1195 amiffa.
1663 1142 1770 1196 Ad·

155 1218 393 1275 volabant
418 1217 447 1270 ὀ
467 1217 600 1271 coelo
621 1225 904 1272 coturnices
917 1241 943 1282 ;
984 1218 1066 1273 sed
1089 1219 1215 1273 dum
1234 1217 1407 1271 rabida
1458 1237 1545 1271 ora
1581 1237 1769 1273 munus

155 1296 414 1352 mandunt
439 1331 455 1355 ,
499 1292 795 1348 munificem
846 1294 1099 1349 mordent.
1266 1292 1614 1348 Caneseebant
1667 1299 1772 1368 agri

158 1371 445 1428 dulciffimo
468 1388 578 1423 rore
592 1389 616 1432 ,·
655 1369 740 1424 sed
769 1371 984 1425 delicata
1008 1373 1258 1443 mancipia
1271 1370 1475 1426 delicias
1496 1371 1770 1435 fastidiunt,

157 1451 471 1516 &jumentis
497 1446 670 1499 fimilia
708 1453 1002 1514 jumentum
1043 1448 1208 1501 colere
1242 1451 1506 1518 incipiunt.
1585 1452 1769 1516 Quan-

158 1541 212 1578 to
234 1521 389 1599 magis
415 1521 699 1577 detestanda
736 1524 862 1577 foret
886 1530 937 1578 in
970 1525 1111 1579 nobis
1139 1523 1475 1596 ingratitudO,
1511 1541 1633 1594 quos
1659 1543 1766 1578 non

160 1607 350 1656 creavit
378 1598 552 1662 solum,
584 1600 898 1663 &aluitfied
925 1608 978 1655 &
1005 1600 1224 1655 redemit
1251 1601 1391 1653 Deus
1416 1638 1431 1660 ,
1484 1599 1600 1653 cum
1645 1603 1766 1653 servi

162 1677 376 1731 essemus
401 1715 417 1738 ‚
454 1683 507 1730 δε
524 1682 785 1746 mancipia.
865 1680 978 1731 Imo
1004 1683 1154 1730 etiam
1180 1675 1490 1729 Christianos
1517 1679 1674 1738 nasci,
1704 1694 1766 1730 ac

160 1758 345 1809 invera
370 1749 471 1806 fide
493 1751 697 1805 educari
723 1755 987 1822 voluit3ne
1019 1756 1225 1824 Lytrum
1243 1753 1504 1825 Sanguinis
1533 1752 1603 1805 sui
1633 1758 1764 1823 peris

235 1831 449 1887 clitetur.
530 1827 686 1889 Abfit,
712 1846 766 1883 ut
793 1829 1034 1883 beneficia
1067 1828 1320 1884 maleficos
1363 1847 1455 1881 nos
1492 1829 1691 1883 faciant.

384 1907 596 1980 Pereant
621 1907 884 1960 enimvero
897 1925 1014 1960 cum
1043 1906 1262 1961 Israelitis
1287 1943 1302 1965 ‚
1342 1910 1431 1978 qui
1455 1904 1539 1979 be:

556 1980 794 2041 aeficium
824 1988 877 2038 in
901 1989 1079 2039 vitium
1108 1996 1325 2037 vertunt.

752 2227 829 2243 11111

1508 2371 1756 2446 xxxw.
