1988 2698
784 368 1238 459 XXXII·

333 529 896 596 Redercm‚fabulatum
912 533 1009 587 esse
1028 533 1309 594 Platonem,
1322 527 1410 584 nisi
1423 527 1643 584 fabulam
1658 524 1813 585 affin·

365 632 503 687 geret
529 613 730 673 Socrati,
753 629 906 682 quem
934 612 1095 671 refert,
1119 625 1318 665 montes
1345 613 1396 660 in
1459 608 1610 662 Coelo
1664 625 1812 681 gem..

197 711 340 747 meos
360 687 623 749 asseruisse,
652 687 834 760 quibus
858 705 1100 762 gemmae,
1129 704 1252 760 quas
1292 690 1342 737 in
1367 690 1505 738 terris
1523 683 1754 738 videmus
1791 721 1817 750 ,

200 784 440 838 tanquam
457 764 672 819 decidua
690 766 1238 838 fragmenta‚originem
1255 758 1512 816 deberent.
1589 760 1815 833 Negabit

198 859 357 897 tantos
380 846 556 894 unioni
581 840 799 894 honores
827 842 1115 895 Alexander
1143 840 1421 895 Lithuaniae
1467 839 1615 900 Dux,
1662 852 1816 902 ratus,

194 939 224 972 e
264 919 393 973 coelo
408 931 626 972 mortem
655 935 758 970 non
784 922 919 979 oriri,
995 921 1097 974 Hic
1134 917 1259 971 dum
1277 911 1542 1005 pretiosum
1563 917 1809 967 unionem

194 997 360 1064 saepius
377 994 563 1055 imittit,
585 1001 639 1049 &
654 998 830 1047 eximit
845 994 1290 1057 auricula,tandem
1307 989 1445 1045 altius
1460 990 1698 1044 insertum
1715 1007 1808 1042 ex-

193 1071 388 1127 trahere
402 1089 504 1124 non
524 1072 663 1125 valet.
679 1069 810 1125 Ludi
796 1075 1189 1144 ,turitaque‚qui
1216 1069 1424 1129 ludin&
1450 1082 1623 1121 exorto
1639 1066 1806 1119 ulcere

194 1154 349 1202 vitam
366 1151 562 1200 amittit
585 1148 798 1200 Sicunio
825 1148 1039 1217 perdidit
1073 1152 1336 1201 unionem.
1365 1149 1555 1200 Verum
1595 1142 1703 1196 haec
1737 1145 1808 1198 ita

194 1224 411 1278 habeant
435 1245 460 1286 ,-
510 1226 651 1278 suum
678 1240 846 1276 tamen
883 1224 1101 1295 pretiosis
1136 1224 1345 1276 cimeliis
1361 1236 1534 1275 manet
1569 1224 1806 1291 pretium.

191 1302 489 1372 Purpuratus
538 1301 620 1352 ille
659 1301 936 1354 Galliarum
987 1302 1202 1358 Antistes
1242 1305 1373 1352 miro
1402 1303 1551 1350 unius
1585 1313 1809 1370 gemmas

189 1375 454 1449 splendore
482 1375 690 1429 mirifice
715 1394 901 1449 captus,
935 1381 951 1441 (
989 1395 1140 1448 prope
1189 1374 1425 1430 dixissem
1464 1380 1480 1442 )
1517 1389 1817 1434 excaecatus,

188 1471 296 1506 rem
316 1454 555 1506 tantillam
596 1469 806 1506 centurn
824 1452 1041 1507 millibus
1063 1470 1334 1506 aureorum
1364 1449 1651 1507 aestimabat.
1665 1450 1802 1504 Nul-

189 1530 223 1581 li
252 1528 386 1582 hanc
400 1547 525 1582 arca:
553 1528 795 1598 crediditg,
837 1530 923 1582 soli
944 1531 1253 1583 famulorum
1284 1526 1515 1582 fidiffimo
1538 1524 1691 1581 fidem
1708 1526 1804 1579 ha-'

191 1603 326 1668 buit,
353 1602 616 1676 Juffitque,
644 1620 699 1657 ut
735 1603 898 1660 cordis
922 1623 980 1658 ae
997 1610 1106 1658 vitae
1133 1606 1283 1660 instar
1313 1604 1402 1660 diu
1431 1602 1683 1674 noauque
1710 1600 1801 1655 sub

183 1683 329 1734 axilla
344 1682 626 1735 custodiret.
667 1681 977 1754 Quid,qubd
1006 1682 1258 1754 josephus,
1281 1685 1588 1737 Venetorum
1609 1682 1797 1753 legatus

184 1758 247 1812 ad
276 1756 673 1815 Usuncaffenum
690 1757 860 1811 Persia:
898 1776 1070 1832 regem
1087 1756 1272 1820 missus,
1312 1763 1440 1811 inter
1463 1757 1554 1809 alia
1583 1758 1796 1810 monilia

183 1849 330 1887 tantae
359 1832 740 1904 pulchritudinis
789 1833 1155 1889 carbunculum
1201 1834 1407 1895 viderit,
1448 1850 1601 1904 quem
1636 1849 1796 1905 regno

183 1915 380 1982 integro
424 1914 595 1964 venire
639 1910 943 1983 jactitabant.
1046 1913 1104 1967 Et
1129 1911 1263 1967 certe
1304 1916 1481 1983 ingens
1511 1908 1797 1963 Thesaurus

183 1987 393 2046 uniofit,
417 2002 627 2057 oportet,
655 2005 808 2058 quem
835 1993 885 2041 in
916 1986 1023 2041 finu
1051 1991 1135 2042 suo
1169 2003 1342 2041 natum
1373 1985 1636 2055 conchylia
1688 2000 1815 2041 tam,

183 2061 384 2116 sollicite
409 2062 715 2124 custodiunt,
733 2080 805 2127 ut,
832 2065 918 2117 nifi
932 2065 1143 2135 piscator
1178 2069 1226 2117 in
1249 2083 1313 2117 eo
1338 2062 1562 2114 tollendo
1584 2061 1794 2115 cautiff·

179 2157 325 2193 mum
360 2143 405 2191 se
428 2139 652 2210 praebeat,
667 2140 858 2195 furaces
871 2141 1046 2216 digitos
1074 2160 1176 2194 non
1194 2140 1349 2194 solum
1367 2139 1537 2192 arstiff
1542 2158 1625 2192 me
1640 2141 1792 2192 strin-

179 2231 320 2288 gant,
348 2216 426 2270 sed
455 2221 603 2268 etiam
635 2233 914 2287 arrpurent.
999 2217 1234 2273 Probatur
1270 2216 1376 2269 haec
1406 2233 1522 2271 cura
1563 2215 1793 2267 mortali-

175 2292 287 2362 ἕως
304 2291 582 2365 rependunt
597 2293 1028 2352 custodiam‚dum
1043 2310 1281 2369 exempto
1297 2299 1485 2349 unione
1498 2292 1788 2347 custodiunt

789 2374 866 2447 Q
888 2390 910 2441 3
1654 2384 1783 2422 con..
