1988 2698
842 98 1207 167 ffiffisffilffiss
1730 114 1858 150 ⁶¹¹1

243 230 315 284 lta
351 225 632 282 declamare
658 225 815 278 solent
847 262 862 286 ‚
896 227 983 295 qui
1010 226 1185 282 vitam,
1215 217 1353 272 velut
1392 218 1545 271 solem
1582 223 1854 283 orientem,

243 305 455 360 adorant
487 321 506 372 3
541 312 594 358 δε
634 305 782 355 morti
826 339 840 362 ,
880 316 934 353 ut
971 301 1239 361 occidenti,
1267 310 1400 370 terga
1427 293 1710 350 obvertunt.
1790 299 1857 352 At

244 383 328 436 ubi
375 381 492 433 flere
543 381 624 445 alij
653 416 666 437 ‚
721 377 1144 430 STAN1sLAus.
1221 373 1386 433 noster
1424 371 1605 428 ‘ridere
1659 378 1860 446 incipit.

251 454 606 514 Commodum
633 456 811 510 Romae
835 454 1020 526 appulit
1045 453 1216 506 Petrus
1243 447 1468 507 Canifius
1502 485 1517 509 ,
1557 465 1610 501 ut
1641 454 1857 505 rationes

250 531 567 590 sublevandae
594 537 863 604 germaniae
896 549 1016 584 cum
1046 530 1134 582 Pio
1176 545 1350 598 quarto
1368 525 1636 579 conferret.
1719 527 1858 580 Invi-

248 628 374 665 tatus
397 647 412 669 ,
451 623 507 661 ut
532 607 595 661 ad
634 624 826 678 tyrones
866 607 1031 661 Sanffi
1071 604 1288 659 Andreae
1323 603 1471 656 verba
1507 603 1689 655 faceret
1715 640 1729 662 ‚
1772 621 1864 674 pro

247 690 499 742 concione
526 686 747 755 exposuit
776 721 791 745 ,
822 685 966 738 illum
1002 682 1214 737 demum
1259 682 1485 735 mensem
1525 678 1862 734 feliciffimum

247 766 355 818 sore
382 799 396 822 ,
423 778 577 833 quem
609 765 822 833 quisque
855 762 1087 814 ultimum
1128 757 1214 811 fibi
1246 761 1487 830 putaverit
1512 772 1531 823 3
1563 763 1616 811 &
1653 773 1771 809 eum
1810 760 1866 809 in

244 836 459 896 modum
483 842 658 891 vixerit
691 873 706 896 ‚
740 835 1182 910 quemadmodum
1221 836 1339 889 velit
1367 849 1558 903 paratus
1584 836 1635 884 in
1665 833 1766 903 ipso
1783 836 1862 885 vi..

247 930 307 968 tae
341 921 478 968 exitu
520 913 848 986 deprehendi.
929 911 1281 966 Subsecutum·
1315 913 1386 966 est
1438 911 1556 963 Divi
1610 909 1865 963 Menstrui

247 991 567 1065 Sortilegium
606 1008 626 1059 3
659 996 714 1044 δε
752 991 988 1044 Stanislao
1026 990 1238 1060 inclytus
1273 989 1463 1057 Martyr
1488 987 1531 1038 S.
1567 987 1866 1039 Laurentius

246 1065 455 1120 obvenit
481 1088 498 1118 .·
522 1066 817 1134 adjunElum
846 1067 1182 1140 apophtegma
1206 1071 1443 1119 virtutem
1492 1066 1736 1135 patientiae
1775 1079 1867 1131 pro

248 1142 574 1198 morientibus
596 1143 1002 1209 commendabat.
1087 1144 1156 1195 Ut
1178 1142 1337 1197 audiit
1364 1180 1378 1204 ‚
1401 1148 1454 1195 &
1482 1141 1599 1212 legit
1630 1138 1734 1192 haec
1757 1138 1866 1208 Ty-‚

245 1236 305 1272 ro
331 1221 499 1277 noster
533 1257 548 1278 ,
576 1235 632 1273 ut
659 1225 839 1275 animo
867 1220 1076 1273 subsilire
1097 1255 1110 1279 ‚
1145 1226 1196 1272 δε
1235 1223 1374 1272 vultu
1410 1223 1560 1288 coepit
1583 1213 1853 1290 ignescere.

248 1297 462 1349 Causam
490 1294 672 1350 insoliti
698 1297 863 1369 gaudij
891 1311 1084 1366 rogatus
1114 1335 1126 1357 ,
1156 1294 1339 1348 blande*
1357 1290 1606 1365 respondit
1636 1330 1650 1352 ‚
1682 1291 1734 1346 id
1774 1289 1861 1345 fibi

245 1377 471 1426 maximo
494 1372 591 1426 esse
616 1375 785 1438 solatio
805 1411 821 1437 ,
846 1372 984 1446 quod
997 1371 1098 1426 hoc
1122 1372 1292 1427 adhuc
1319 1373 1490 1426 mense
1515 1369 1543 1422 ἐ
1566 1373 1687 1423 vivis
1716 1384 1870 1421 exce·

162 1470 163 1473 ’
245 1451 398 1505 deret.
476 1451 672 1506 Scilicet
706 1469 864 1506 nemo
896 1461 1026 1503 mori
1066 1457 1209 1502 timet
1238 1487 1253 1510 ‚
1283 1449 1372 1502 nii}
1399 1453 1487 1519 qui
1517 1444 1753 1500 nondum
1785 1447 1864 1496 vi-

248 1524 321 1578 dit
353 1526 575 1580 DEUM.
652 1526 845 1581 Tenuit
884 1528 1023 1580 hune
1063 1526 1276 1579 brachiis
1312 1525 1573 1578 Stanislaus
1602 1540 1620 1589 3
1648 1530 1700 1577 δε
1730 1521 1867 1592 post-

248 1619 402 1671 quam
441 1602 637 1655 fluento
669 1603 831 1656 salutis
876 1607 1122 1657 innatavit
1160 1642 1175 1665 ,
1214 1606 1401 1656 mirum
1449 1617 1555 1654 non
1581 1599 1651 1654 est
1684 1636 1698 1658 ,
1722 1594 1864 1670 quod

251 1679 417 1731 Oloris
442 1680 591 1733 instar
614 1679 699 1732 sibi
734 1679 934 1733 inferias
957 1682 1286 1751 praecinuerit‚

414 1754 562 1813 gAlii
570 1768 788 1827 paveant
822 1776 838 1808 .·
880 1773 961 1830 ego
991 1773 1186 1809 recreor
1217 1754 1340 1809 inde
1374 1769 1393 1822 3
1431 1750 1717 1823 responsum
1759 1762 1865 1801 erat

251 1827 479 1903 Magistri
508 1837 609 1891 tui,
638 1831 931 1886 Timothee.
1009 1835 1145 1886 Inter
1169 1832 1262 1884 alia
1290 1869 1304 1894 ,
1340 1848 1448 1900 quae
1489 1831 1668 1882 laetuma
1688 1830 1866 1879 mortis

255 1913 497 1960 nuncium
525 1907 689 1962 fecere
709 1948 722 1972 ,
747 1910 866 1963 Divi
884 1909 1133 1963 Menstrui
1158 1910 1320 1961 cultus
1359 1908 1470 1966 fuir,
1549 1905 1715 1957 Sancti
1747 1907 1862 1972 qui-

249 1980 369 2035 dem
392 1983 642 2036 bonorum
670 1986 952 2040 nostrorum
981 2004 1085 2038 non
1115 2000 1280 2058 egent.
1357 1983 1500 2036 Nihil
1524 1981 1613 2034 illis
1635 1979 1864 2034 devotio-

252 2075 320 2111 ne
355 2061 515 2113 nostta
542 2063 801 2132 praestatur.
882 2062 1033 2116 Plane
1059 2061 1198 2134 quod
1237 2077 1412 2113 eorum
1441 2060 1749 2110 memoriam
1771 2072 1863 2108 ve-

251 2151 522 2196 neramur,
548 2139 698 2192 nostri
725 2140 938 2195 interest.
1017 2139 1143 2191 Sunt
1168 2137 1320 2191 sidera
1349 2139 1561 2207 propitia
1601 2171 1618 2194 ‚
1655 2151 1765 2203 quae
1803 2136 1860 2185 in

253 2209 484 2266 homines
504 2251 518 2274 ,
552 2211 669 2270 ficut
692 2217 898 2288 planetae
926 2220 977 2269 in
1004 2215 1284 2268 sublunaria
1308 2253 1323 2277 ,
1368 2213 1427 2272 355
1505 2213 1754 2284 Benignos
1779 2213 1860 2261 in·

252 2285 413 2343 fluxus
449 2290 689 2364 praestant.
766 2292 894 2347 Sunt
925 2293 1112 2347 feraces
1146 2290 1271 2345 oleae
1319 2329 1337 2355 ,
1374 2305 1429 2344 ut
1470 2293 1582 2342 vitae
1618 2288 1859 2360 ptaesentis

1711 2378 1855 2419 arna-
