1988 2698
126 80 194 142 8⁶
735 81 859 150 effi(
889 89 946 148 »F
980 84 1103 153 ΕΚΘ

125 200 452 260 intenderent
481 222 501 276 ς
535 199 691 260 brutae
713 212 994 262 animantes
1030 207 1340 265 horrendum
1366 211 1601 279 ejularent
1624 235 1648 277 ,·
1683 221 1738 274 δι

126 282 276 335 multi
328 281 603 337 hominum
664 284 877 338 turbatas
930 302 1117 339 naturae
1190 289 1322 361 leges
1381 291 1733 347 inclamarent.

125 360 251 413 Non
281 359 399 414 ante
436 360 726 414 reviviscere
752 400 767 423 ,
806 379 911 414 non
948 362 1179 435 respirare
1218 367 1324 416 sunt
1352 364 1434 417 vifi
1486 406 1501 429 ,
1580 368 1735 439 quam

125 433 360 489 reducem
389 438 555 490 lucem
587 436 841 499 viderunt,
939 441 1222 509 Nunquam
1252 441 1317 493 sol
1356 442 1536 515 gratius
1573 447 1734 510 luxit,

124 510 274 581 quam
313 512 425 567 1³0st
449 515 639 567 luCtum
689 537 701 567 :
748 532 1015 585 nunquam
1042 515 1243 570 nitidius
1258 516 1502 588 {plenduit
1528 557 1542 580 ,
1576 521 1730 591 quam

124 591 234 659 post
289 591 605 659 squallorem.
701 591 962 647 Vetiffime
1008 597 1193 647 cecinit
1234 611 1376 666 poeta
1421 618 1436 650 ε
1494 606 1731 672 effugent

121 664 320 740 affara
349 670 578 719 nitorem.

285 743 440 797 Haud
464 741 722 797 immerito
755 749 986 820 geminos
1012 747 1179 801 vultus
1215 751 1340 815 Jano
1384 746 1472 801 suo
1515 746 1731 820 adserip-

120 817 174 869 fit
224 823 503 891 antiquitas.
603 824 836 893 Qatuor
887 842 1028 876 aures
1067 823 1251 878 habere
1281 823 1454 878 debuit
1493 865 1506 888 ,
1546 843 1600 878 ut
1654 828 1727 879 fa-

115 892 256 947 bulas
292 895 519 965 undique
562 899 818 967 colligeret
855 923 867 952 ε
918 916 1189 971 quaternos
1224 901 1398 954 oculos
1438 937 1452 960 ,
1505 917 1557 960 ut
1594 901 1727 954 duo..

117 970 206 1024 bus
261 990 333 1026 res
398 991 536 1027 veras
586 1011 601 1035 ,
654 982 707 1028 δέ
771 975 966 1029 duobus
1019 978 1156 1030 falsas
1214 1015 1230 1041 ‚
1295 973 1533 1048 aspiceret
1585 997 1597 1027 ε
1638 996 1727 1050 ge..

119 1053 320 1103 minam
348 1050 578 1125 linguam
615 1088 632 1111 ,
672 1067 727 1105 ut
768 1053 935 1123 saepius
984 1053 1206 1108 mendax
1251 1052 1369 1107 esset
1419 1059 1726 1127 :geminam

115 1125 337 1178 frontem
379 1165 395 1187 ,
433 1143 488 1179 ut
519 1133 773 1200 utrimque
811 1128 1080 1201 impudens
1129 1130 1228 1183 effe
1267 1127 1437 1201 poffer,
1517 1129 1728 1184 Bifronti

108 1205 236 1268 Jano
265 1201 536 1258 effrontem
576 1205 836 1259 mundum
853 1206 1093 1277 sapienter
1118 1220 1378 1278 comparat
1415 1207 1603 1276 sapiens
1643 1208 1726 1259 Se-

114 1297 255 1333 neca.
337 1282 541 1334 Bonum
555 1283 626 1336 est
649 1319 666 1342 ‚
688 1285 849 1353 inquit
873 1321 888 1345 ,
917 1283 1128 1336 infantes
1153 1301 1243 1335 nos
1271 1282 1403 1335 nasci
1431 1319 1446 1340 ,
1485 1291 1724 1337 &rerum

112 1361 396 1428 inexpertes
409 1356 523 1410 effe.
589 1358 696 1412 Nifi
720 1374 895 1413 natura
923 1357 1180 1433 ingenioso
1208 1359 1308 1413 hoc
1320 1357 1440 1413 dol&
1458 1357 1727 1413 hominem

111 1432 529 1493 circumvenisset,
544 1436 709 1488 nullus
722 1434 864 1497 foret,
881 1440 967 1507 qui
982 1434 1238 1491 mundum
1255 1433 1595 1509 huncingredi
1618 1436 1725 1488 vel·

111 1510 193 1566 let.
277 1510 421 1565 Nihil
471 1526 575 1564 tam
611 1512 758 1565 fallax
810 1550 825 1573 ,
865 1512 991 1565 nihil
1045 1528 1149 1566 tam
1193 1511 1479 1565 infidiosum
1510 1546 1526 1570 ‚
1565 1510 1722 1583 quam

108 1591 207 1639 vita
239 1586 479 1640 humana.
528 1590 651 1642 Non
684 1587 976 1641 mehercule
1011 1591 1272 1662 quisquam
1309 1587 1611 1660 accepisset,
1646 1594 1722 1640 ni·

109 1661 144 1714 si
197 1665 355 1717 insciis
407 1663 622 1718 daretur.
703 1667 875 1718 Nemo
913 1667 1035 1718 sorte
1108 1665 1189 1717 sua
1257 1680 1522 1718 contentus
1585 1669 1720 1717 vivit.

108 1740 339 1795 Formosa
365 1742 435 1795 est
459 1741 679 1798 Rachel.-
708 1740 788 1795 sed
805 1742 1050 1796 sterilitate
1074 1740 1321 1815 affligitur.
1396 1743 1486 1794 Lia
1516 1739 1720 1794 foecun-

108 1817 174 1871 da
203 1819 313 1872 est:
355 1817 433 1871 sed
468 1818 632 1872 forma
667 1817 965 1873 destituitur.
1054 1821 1288 1872 Naaman
1327 1818 1547 1889 locuples
1578 1818 1658 1871 *est
1704 1839 1718 1870 ε

110 1893 192 1948 sed
219 1895 352 1968 lepra
380 1897 538 1948 scatet.
612 1896 795 1948 Potens
818 1896 888 1951 est
917 1897 1165 1969 Augustus
1189 1918 1202 1949 z
1241 1896 1323 1949 sed
1356 1893 1516 1947 liberis
1567 1909 1716 1955 caret,

21 2021 27 2025 ,
109 1973 270 2026 Etiam
320 1971 510 2025 modici
547 1970 667 2026 boni
709 1990 974 2044 nunquam
1018 1973 1231 2045 plenain
1271 1971 1370 2025 hoc
1407 1969 1634 2030 mundo,
1663 1977 1718 2025 δε

108 2054 277 2120 quieta
304 2049 524 2119 posseffio
545 2050 636 2104 est.
712 2048 951 2103 Convicit
974 2049 1270 2103 stanislaum
1300 2050 1488 2101 Seneca
1505 2054 1596 2110 5&
1625 2048 1718 2100 fal·

108 2125 267 2179 lacem
310 2126 468 2179 sacculi
509 2143 749 2197 pompam
791 2126 1030 2200 generoso
1068 2128 1272 2180 calcavit
1309 2125 1450 2199 pede.
1549 2123 1718 2179 Hodie

107 2201 138 2258 ὲ
167 2203 340 2256 culina
368 2203 525 2257 redux
552 2211 601 2255 in
632 2203 848 2257 obsoleta
876 2204 1008 2259 veste
1022 2208 1236 2256 occurrit
1262 2199 1668 2261 Commendono
1689 2221 1718 2264 ,-

105 2284 162 2335 &
192 2278 359 2333 adhuc
393 2282 449 2333 lis
483 2281 553 2334 est
588 2278 675 2334 [ub
696 2281 861 2335 iudice
895 2319 911 2343 ,
950 2299 1016 2334 an
1058 2279 1334 2335 Cardinalis
1365 2284 1417 2332 in
1459 2276 1672 2350 purpura
1695 2314 1711 2338 ,

108 2373 176 2415 ιο
217 2356 480 2419 stanislaus
522 2356 589 2419 ad
624 2359 948 2433 conspectum
993 2375 1219 2434 purpurae
1264 2352 1425 2434 magis
1475 2353 1712 2486 rubussit.

1661 2447 1711 2490 ¹3
