1988 2698
768 121 891 190 ἢεῖ(
923 127 979 186 »F
1014 119 1134 189 >affl
1734 137 1826 186 ευ

212 255 267 306 sc
303 243 564 320 perfetstit'ts
588 258 832 317 pateretur
861 284 874 306 ,
912 246 1181 298 Patronum
1219 246 1274 295 δε
1301 241 1592 317 Magistrum
1627 240 1712 296 fibi
1736 243 1829 299 des
1886 243 1890 247 “

209 328 334 398 legit
367 327 562 379 Divum
602 323 1013 375 STANstAuM
1055 341 1081 384 ‚·
1120 321 1208 391 qui
1243 332 1346 369 tam
1384 321 1568 371 fortem
1604 322 1824 392 pugilem

213 403 495 456 admiratus
527 438 542 462 ,
588 398 685 470 ipse
714 396 916 450 advolat
947 433 963 459 ,
1003 403 1056 449 &
1093 396 1156 449 ad
1196 396 1451 450 coelestem
1491 413 1732 449 coronam
1770 418 1826 452 a.-

207 476 340 532 mice*
359 482 545 530 invitat.
625 475 863 544 Acceptat
889 469 1196 544 sponsionem
1211 473 1386 526 cliens
1414 509 1429 535 ,
1475 470 1732 527 &ducem
1747 476 1825 545 suf:

207 570 295 608 um
320 551 454 622 tristi
485 551 545 605 de
569 566 759 604 carcere
772 547 969 622 ficrsum
997 548 1133 602 laetus
1170 551 1405 618 sequitur.

374 631 495 683 Non
526 628 725 698 legisti,
767 624 1044 679 Timotheo
1066 662 1081 688 ,
1122 622 1262 696 quod
1299 625 1439 677 flenti
1475 621 1700 679 Ezechiae
1733 641 1826 677 an-

201 709 255 759 ni
279 703 570 777 quindecim
598 702 661 757 ad
683 705 792 755 vitae
821 701 1017 757 stamen
1060 699 1203 755 affuti
1229 701 1414 754 fuerint
1434 739 1448 762 ,
1507 701 1676 754 illustri
1703 701 1824 755 teste

198 780 297 834 sole
321 819 336 842 ‚
365 788 454 851 qui
483 783 622 851 (upra
650 780 805 832 lineas
828 777 1008 831 decem
1036 776 1273 831 retroasta
1301 777 1405 847 styli
1435 776 1612 830 umbra
1638 813 1653 837 ‚
1680 781 1820 831 viam

197 855 253 912 δὲ
277 861 434 909 vitam
477 853 800 910 redorditur?
845 856 982 910 Hem
1010 893 1026 917 ,
1065 852 1192 925 quid
1211 852 1430 911 ‚lolidum
1465 856 1520 906 in
1555 852 1818 916 humanis,

194 934 228 986 fi
253 949 366 985 aetas
398 933 656 985 horarium
687 932 786 992 est,
825 949 986 985 annus
1013 931 1142 985 linea
1165 970 1181 996 ,
1223 930 1402 986 umbra
1417 920 1549 985 vita!
1630 928 1819 995 Letha-

193 1011 250 1062 lis
279 1008 460 1062 umbra
488 1025 506 1077 3
545 1025 657 1079 quae
691 1008 844 1062 lineas
870 1023 1087 1070 enecat,
1132 1022 1376 1081 quotquot
1397 1010 1594 1080 attingit
1617 1030 1644 1074 ,·
1682 1009 1821 1080 pari:

192 1086 375 1154 terque
466 1085 592 1139 dum
648 1082 843 1155 proficit
873 1121 890 1145 ‚
960 1083 1148 1139 deficit.
1242 1086 1378 1139 AEtas
1439 1087 1580 1138 nulla
1617 1123 1632 1148 ,
1694 1085 1819 1141 hora

189 1163 331 1214 nulla
379 1159 546 1214 secura
591 1162 696 1228 est3
761 1159 942 1214 umbra
970 1159 1149 1214 eadem
1177 1162 1426 1215 celeritate
1453 1163 1820 1231 &aequalitate,

191 1235 453 1289 horarium
474 1235 657 1289 mundi
688 1237 893 1306 planum
937 1240 989 1289 in
1029 1252 1157 1290 terra
1200 1237 1420 1308 pervolat
1451 1275 1466 1300 ‚
1503 1256 1604 1309 qua
1635 1242 1816 1311 igneus

190 1313 274 1364 ille
300 1312 482 1364 cursor.
560 1312 641 1362 Sol
666 1349 680 1372 ,
726 1313 1056 1378 cujusaemula
1082 1313 1152 1366 est
1190 1349 1206 1372 ,
1236 1314 1536 1375 immensam
1566 1319 1680 1369 coeli
1706 1317 1815 1386 pla-

190 1392 370 1440 nitiem
402 1392 636 1439 emetitur
661 1390 710 1438 in
740 1388 854 1439 alto,
917 1389 1099 1460 Delige
1129 1393 1224 1449 jam
1243 1388 1448 1452 horam,
1479 1408 1592 1462 quae
1630 1393 1811 1463 placet3

188 1466 267 1515 vel
295 1467 510 1532 primam
542 1463 761 1516 infantiae
787 1502 800 1524 ,
837 1464 921 1516 vel
963 1463 1182 1517 mediam
1207 1469 1480 1531 juventutis
1519 1505 1535 1530 ,
1574 1468 1654 1519 vel
1691 1469 1810 1520 ulti-

188 1556 326 1592 mam
353 1540 471 1590 senii
486 1560 513 1604 ,-
538 1540 730 1592 nullam
766 1542 993 1592 invenies
1021 1575 1036 1600 ,
1061 1558 1160 1612 qua
1188 1544 1298 1594 vitae
1323 1556 1415 1595 tuae
1448 1542 1701 1613 clepsydra
1729 1545 1810 1597 vel

186 1630 289 1665 non
322 1613 508 1675 effluat,
541 1616 619 1667 vel
644 1613 839 1687 segnius
855 1613 1085 1668 elabatur.
1168 1615 1283 1670 Imo
1333 1616 1499 1671 media
1537 1624 1805 1684 juventutis

183 1687 309 1740 hora
347 1693 586 1742 omnium
631 1690 859 1755 maxime
877 1691 1164 1760 perieulosa.
1243 1694 1437 1759 Primus
1493 1694 1800 1767 flagitiorum

182 1765 373 1816 institor
404 1766 534 1819 Cain
598 1804 613 1827 ‚
653 1767 880 1819 Mortem
921 1772 1115 1820 invenit
1156 1777 1259 1828 ,v&
1298 1774 1502 1823 invexit.
1591 1774 1801 1826 Horruit

181 1848 331 1899 Mors,
357 1837 613 1912 expiandis
646 1841 906 1895 sceleribus
951 1858 1072 1896 nata
1114 1879 1130 1905 ‚
1172 1849 1360 1915 primos
1402 1845 1486 1898 fibi
1520 1846 1679 1903 aditus
1713 1866 1802 1920 per

181 1915 842 1972 innocentis-Adolescentis
882 1919 1137 1992 jugulum»
1155 1921 1324 1993 pandi.
1401 1925 1597 1996 Quaeris
1636 1960 1653 1983 ‚
1690 1942 1796 1996 quo

182 1990 284 2041 telo
311 1996 571 2060 petiverit?
611 1996 803 2067 Ligneo
842 2017 856 2048 t
937 1998 1153 2049 namtali
1175 2016 1236 2052 ex
1255 2001 1455 2052 materia
1485 2015 1599 2051 nata
1628 1999 1788 2053 Mors.

181 2068 408 2134 Quaeris,
445 2066 568 2137 quid
583 2075 802 2141 primum
820 2071 1031 2133 ferierit}
1069 2072 1257 2134 Gustur
1294 2097 1307 2128 ε
1368 2090 1422 2128 ut
1451 2079 1500 2126 in
1527 2073 1688 2127 Abele
1705 2095 1791 2146 pa.

183 2157 378 2196 rentem
397 2143 653 2206 multaret,
678 2144 817 2216 quod
834 2164 1043 2218 pomum
1063 2148 1409 2204 momorderit.
1490 2149 1570 2203 Ab
1584 2169 1644 2202 ω
1659 2168 1791 2216 και-ς

179 2233 301 2288 pore
329 2255 342 2277 ,
393 2223 506 2288 quia
533 2219 666 2281 dulci
691 2221 891 2276 delinita
925 2223 1176 2297 Sanguine
1198 2262 1215 2288 ,
1235 2231 1447 2295 juvenes
1480 2226 1672 2281 avidius
1698 2245 1790 2299 pe,

176 2298 249 2345 tit.
329 2292 484 2349 Fuere
511 2297 792 2369 complures
813 2335 831 2360 ‚
863 2299 1010 2352 stellae
1050 2305 1103 2354 in
1138 2317 1251 2361 ortu
1286 2303 1432 2361 fimul
1467 2308 1522 2361 δε
1549 2305 1727 2357 occasu
1762 2340 1784 2363 ,

865 2374 900 2428 S
941 2392 971 2425 2.
1602 2378 1780 2453 quibus
