1988 2698
167 244 545 357 QKEQQ
559 130 1786 347 Ἐέἶέξῖἒξῧέἔὲῧὲἕᾶἓέἑ

749 407 841 496 Χ
861 408 950 495 Χ
970 408 1056 491 V
1080 406 1112 491 I
1144 407 1201 492 I·

247 575 265 629 1
298 573 584 626 mortalium
611 568 741 623 ullus
760 586 984 640 unquam
1037 568 1291 644 Magnifici
1334 585 1522 621 nornen
1547 575 1652 637 jure
1676 577 1768 643 po.Y

281 655 373 702 tuit
410 645 651 718 adipisci,
691 646 825 699 certe
877 647 1113 699 Salomon
1147 646 1353 716 adeptus
1395 646 1479 698 est.
1558 648 1767 721 Regum

158 727 364 781 bafilicae
398 761 412 783 ‚
444 724 808 794 ¹imperatorum
849 727 998 776 curiae
1035 759 1048 782 ,
1091 722 1271 793 septem
1315 721 1442 774 orbis
1481 726 1723 777 miracula
1749 763 1766 788 ,

157 801 411 874 Ephefinae
449 802 628 859 Diana:
666 800 911 869 templum
943 838 955 859 ,
995 797 1058 851 ad
1100 817 1265 852 unum
1315 797 1595 851 Salomonis
1635 815 1771 853 tem-

160 882 301 952 plurr'i
331 872 540 948 mapalia
572 875 803 936 fuerunt,
829 882 884 930 δε
911 879 1120 949 tuguria.
1199 876 1425 946 Opetarij
1467 876 1641 944 templi
1693 889 1771 929 tot

159 957 365 1008 fuerunt
384 990 397 1012 ,
437 950 824 1014 ut‚nifi'eorum
843 969 1118 1004 numerum
1147 950 1506 1006 distinfflffime
1541 950 1768 1005 dicerent

158 1030 314 1084 divini
344 1029 451 1082 libri
476 1066 490 1088 ,
524 1033 606 1079 vix
636 1032 898 1098 quisquam
939 1025 1090 1080 fidem
1119 1027 1335 1080 haberet.
1415 1027 1768 1098 Hierosolymis

161 1106 444 1160 laborarunt
473 1104 741 1156 hominum
769 1105 908 1175 supra
934 1120 1140 1155 centum
1163 1105 1318 1156 millia
1343 1106 1563 1156 trecenti.
1643 1105 1765 1156 Pro..
1800 1144 1803 1148 v

157 1185 430 1240 selitorum,
448 1186 498 1231 in
527 1195 702 1232 monte
717 1197 866 1232 onera
883 1183 1205 1251 portantium,
1240 1189 1326 1256 70.
1344 1181 1500 1232 millia
1516 1197 1532 1246 ς
1550 1179 1766 1232 latomo-

159 1277 308 1319 rum,
343 1254 718 1325 &saxatemplo
734 1261 1033 1326 parantium,
1053 1261 1131 1310 80.
1151 1258 1304 1309 millia
1342 1278 1369 1320 ‚·
1409 1256 1765 1312 Praefefiorum

167 1346 317 1404 3600.
338 1336 523 1387 Nutriit
551 1331 636 1383 has
663 1350 833 1402 operas
872 1332 997 1383 ultra
1037 1332 1352 1401 septennium
1378 1370 1393 1393 ,
1418 1339 1473 1386 δε
1497 1331 1669 1386 ditavit
1709 1351 1767 1385 e-

158 1417 276 1480 tiam
305 1408 557 1462 ditissimus
573 1410 681 1462 Rex
697 1406 793 1459 sine
811 1405 1027 1460 hostium
1043 1409 1198 1476 spolijs
1216 1446 1230 1467 ,
1255 1408 1357 1460 sine
1385 1413 1664 1461 amicorum
1682 1413 1764 1462 in-

157 1492 299 1555 jurijs.
379 1483 644 1556 Augebant
679 1483 990 1553 splendorem
1021 1483 1179 1537 trabes
1205 1489 1490 1538 innumerae
1516 1524 1530 1548 ,
1568 1492 1622 1539 δε
1649 1489 1768 1556 qui-

157 1564 278 1617 dem
300 1599 314 1622 ,
340 1561 478 1631 quod
513 1560 667 1613 fidem
705 1578 831 1629 pene
859 1560 1056 1612 excedit
1080 1599 1095 1622 ,
1143 1565 1420 1615 maximam
1459 1577 1648 1632 partem
1679 1579 1769 1615 ce·

159 1638 235 1692 d'ri
266 1676 280 1697 ,
319 1654 426 1707 quae
460 1637 763 1689 senenutem
781 1639 1031 1699 nesciunt,
1053 1642 1302 1692 &cariem
1335 1655 1442 1690 non
1473 1638 1768 1692 admittunt.

163 1712 376 1769 Dixisses
389 1712 549 1780 ,sylvas
566 1717 779 1784 integras
796 1717 845 1763 in
867 1730 1018 1764 unam
1033 1711 1249 1766 domurn
1265 1712 1626 1787 commigrasse.
1668 1717 1768 1768 La-

161 1791 302 1862 pides
328 1802 465 1840 erant
489 1787 598 1840 saxa
625 1785 863 1857 quadrata
881 1826 894 1849 ,
914 1795 964 1842 &
992 1807 1219 1842 marmor
1246 1789 1441 1841 Parium
1480 1790 1767 1844 candidiffi-

160 1884 324 1920 mum.
371 1862 614 1916 Crederes
644 1901 657 1926 ,
695 1878 886 1915 tantam
903 1865 1092 1917 molem
1121 1883 1223 1917 non
1252 1865 1478 1918 humana
1503 1864 1764 1928 industria,¹

162 1943 244 1998 sed
275 1939 567 2011 angelorum
595 1938 741 2010 opera
767 1939 1019 1994 edustarn.
1097 1941 1167 1993 'Ut
1185 1946 1349 2011 paucis
1378 1941 1543 1995 dicam
1573 1948 1766 2000 omnia:
1790 1946 1802 1975 ²*

160 2020 267 2073 duo
291 2015 608 2086 potentissimi
634 2053 650 2078 ,
688 2022 743 2071 δε
779 2016 1110 2087 sapientiffimi
1154 2018 1316 2090 Reges
1348 2037 1561 2072 omnem
1597 2027 1651 2075 δε
1691 2019 1770 2073 sa-

168 2097 408 2170 pientiam
426 2100 504 2152 ,&
529 2092 842 2162 'opulentiam
861 2092 976 2147 huic
992 2093 1185 2146 fabricae
1202 2093 1584 2164 insumpserunt.
1663 2093 1764 2152 Sed

163 2172 298 2223 heu!
337 2163 507 2237 Quam
527 2168 652 2222 nihil
686 2169 897 2223 mortale
919 2169 1062 2224 durat
1114 2184 1129 2224 ἓ
1169 2171 1310 2223 Illam
1348 2173 1647 2244 angelorum
1673 2190 1763 2225 co-

162 2248 352 2301 loniam
382 2280 398 2304 ,
445 2246 559 2302 coeli
582 2244 868 2298 suburbium
895 2285 910 2308 ,
948 2248 1050 2319 quo
1093 2251 1286 2300 nemini
1325 2249 1515 2319 polluto
1551 2247 1763 2320 impune·

163 2336 419 2399 penetrare
441 2322 579 2397 licuit
608 2361 624 2387 ‚
652 2320 923 2397 {tornigidae
957 2324 1224 2400 persultant
1264 2323 1482 2399 flammae
1510 2363 1526 2391 ,
1551 2326 1767 2381 eodem-

868 2400 928 2456 0
1411 2398 1415 2400 ’
1662 2417 1764 2476 que
