1988 2698
163 107 260 158 124
806 88 929 158 ἃ(
960 97 1020 155 >1¹-
1052 91 1175 161 Εἷς

155 211 364 290 quando
387 229 525 268 error
547 211 617 268 est
643 209 744 266 fine
771 213 995 270 remedio
1020 235 1039 288 3
1090 227 1141 275 &
1167 231 1319 289 poena
1364 213 1659 288 subsequens
1673 219 1774 278 fine

152 295 271 350 fine.
351 296 421 347 Ut
443 290 601 345 diseas
626 289 758 344 bene
799 299 928 346 mori
962 334 977 357 ,
1011 298 1246 366 exemplo
1260 295 1478 347 Stanislai
1500 296 1636 350 disce
1654 317 1771 351 mo..

150 378 194 428 ri
221 372 250 426 εὶ
284 387 460 425 morte.
541 368 680 421 Mors
709 370 894 441 separat
930 376 1158 426 animam
1200 371 1227 424 ὲ
1256 389 1466 443 corpore
1496 393 1509 424 ε
1554 379 1607 427 δε
1655 375 1773 429 licet

151 468 320 505 amara
363 447 417 502 fit
443 487 458 512 ‚
495 444 790 501 violentiam
837 461 1008 505 tamen
1036 452 1217 503 inferre
1245 466 1348 502 non
1379 450 1534 519 potest
1559 485 1575 509 ‚
1616 468 1773 521 quam

150 526 461 581 Iuaviffimus
506 527 649 580 Deus
689 521 854 596 saepius
892 531 1065 578 creatis
1115 527 1276 587 infert,
1330 528 1388 584 ξ
1427 525 1690 597 Separabat
1715 536 1772 585 δε

144 604 542 657 STANstAus
566 639 581 664 ,
618 606 705 672 qui
730 607 925 672 corpori
951 642 965 663 ,
1005 607 1088 655 cui
1119 602 1389 656 necessario
1415 618 1600 656 natutae
1630 622 1774 660 nexu

142 681 445 745 conjunetus
470 679 564 732 fuit
598 717 612 741 ,
647 680 790 731 nullo
819 679 995 731 vitioso
1032 677 1313 733 adhaetebat
1356 676 1552 732 affeetu.
1633 683 1784 736 Hine-

145 774 383 813 mortuus
418 757 489 811 est
532 754 632 807 fine
665 756 854 809 tristitia
892 794 906 818 ,
944 760 1061 827 quia
1100 760 1223 809 vixit
1258 756 1361 809 fine
1405 755 1685 810 adhaefione
1709 757 1776 814 ad

147 852 411 889 creaturas.
501 834 739 885 Mortuus
771 832 841 886 est
867 831 970 885 fine
993 832 1171 887 dolore
1195 870 1211 899 ,
1250 837 1367 905 quia
1393 837 1516 885 vixit
1545 832 1646 886 {ine
1679 834 1773 888 de-

145 913 434 966 lcitatione.
513 909 752 963 Mortuus
794 909 866 963 est
905 908 1010 962 fine
1046 915 1228 964 timore
1272 948 1288 972 ,
1334 913 1453 981 quia
1498 913 1623 962 vixit
1670 910 1774 965 fine

146 1003 369 1062 peccato.
444 985 741 1050 jucundum
773 987 848 1053 est
872 991 1003 1039 moti
1032 987 1122 1040 illis
1148 1024 1164 1048 ,
1201 1004 1327 1057 quos
1354 991 1524 1038 vivere
1547 1003 1653 1039 non
1680 986 1773 1040 de..

145 1070 304 1123 leEtat.
392 1066 581 1118 Anima
619 1062 721 1115 fine
761 1062 939 1115 dolore
979 1067 1168 1136 migrat
1199 1062 1228 1116 ὲ
1267 1061 1531 1117 domicilio
1577 1101 1592 1124 ,
1629 1061 1770 1133 quod

148 1159 415 1215 nunquam
444 1138 658 1193 libenter
683 1139 904 1192 incoluit.
984 1138 1398 1213 Acceptabile'est
1421 1137 1692 1192 divortium
1714 1140 1775 1191 ii-

147 1223 205 1275 lis
233 1259 247 1281 ‚
278 1224 366 1291 qui
407 1217 450 1270 se
495 1215 678 1270 mutub
714 1233 820 1267 non
859 1214 1093 1289 diligunt.
1176 1217 1323 1270 Mors
1373 1216 1550 1269 adimit
1589 1222 1774 1270 omnia

149 1299 364 1352 fortunae
403 1293 554 1347 bona.
645 1293 703 1346 Id
743 1309 809 1344 ne
850 1291 951 1346 fine
985 1294 1163 1363 questu
1199 1290 1445 1345 accideret
1484 1331 1498 1355 ,
1552 1309 1775 1354 mortem

147 1391 377 1446 tempore
411 1367 793 1443 praeoccupabat
837 1369 1099 1423 Stanislaus
1137 1393 1150 1423 ε
1190 1368 1448 1424 dividebat
1477 1386 1598 1421 cum
1634 1367 1773 1422 indi-

148 1447 732 1528 gentibuS,&thesauros
749 1445 1074 1516 praemittebat
1114 1450 1166 1498 in
1199 1446 1389 1500 coelum
1421 1484 1437 1507 ,
1474 1445 1560 1497 ubi
1593 1462 1775 1516 perpe-

149 1530 235 1582 tufi
263 1544 440 1580 eorum
472 1525 615 1577 usura
637 1538 738 1575 erat
764 1523 1018 1575 fruiturus.
1097 1533 1232 1577 Mors
1244 1526 1353 1576 vitae
1375 1530 1426 1576 δε
1454 1526 1616 1594 gratiae
1642 1538 1772 1573 tem-

149 1625 239 1680 pus
266 1602 467 1657 claudit.
547 1597 784 1654 Certabat
816 1618 934 1653 curn
961 1598 1267 1652 velociffimo
1289 1598 1553 1651 Stanislaus
1574 1619 1600 1661 ,·
1630 1595 1787 1665 quod,

151 1683 312 1737 fistere
340 1697 443 1731 non
472 1693 660 1749 poterat
693 1712 708 1736 ‚
747 1675 961 1728 incursu
1000 1677 1340 1746 intercipiebat
1366 1689 1582 1744 tempus.
1618 1674 1774 1726 Usur·

150 1758 296 1834 pabat
317 1756 383 1810 de
407 1757 495 1809 illo
523 1792 539 1816 ,
578 1751 823 1826 quidquid
837 1750 1123 1809 concessum
1141 1769 1272 1806 erat:
1313 1748 1606 1822 transigebat
1626 1748 1765 1802 diem

150 1852 366 1889 omnem
429 1848 481 1885 ut
533 1833 762 1884 ultimam
797 1850 815 1901 3
863 1828 1045 1882 horam
1096 1846 1345 1890 omnem,
1384 1842 1438 1878 ut
1466 1830 1771 1896 supremam.

147 1914 227 1975 sic
257 1911 386 1967 disce
427 1916 570 1965 mori.
649 1910 931 1983 Negotium
970 1905 1100 1961 istud
1136 1913 1452 1979 negotiorum
1489 1902 1771 1966 summum,

340 1991 503 2044 Lucra
530 1993 584 2041 in
609 2003 671 2040 eo
693 2025 710 2053 ‚
768 1982 1059 2059 damnaque
1094 1997 1358 2038 vertuntur
1398 1996 1599 2034 aeterna.

1545 2366 1763 2436 xxxii.
