<?xml version="1.0" encoding="UTF-8"?>
<!DOCTYPE html PUBLIC "-//W3C//DTD XHTML 1.0 Transitional//EN"
    "http://www.w3.org/TR/xhtml1/DTD/xhtml1-transitional.dtd">
<html xmlns="http://www.w3.org/1999/xhtml" xml:lang="en" lang="en">
 <head>
  <title>
</title>
<meta http-equiv="Content-Type" content="text/html;charset=utf-8" />
  <meta name='ocr-system' content='tesseract 3.04.00' />
  <meta name='ocr-capabilities' content='ocr_page ocr_carea ocr_par ocr_line ocrx_word'/>
</head>
<body>
  <div class='ocr_page' id='page_1' title='image "./philosophiasacra00zetlp_0251.png"; bbox 0 0 1936 2678; ppageno 0'>
   <div class='ocr_carea' id='block_1_1' title="bbox 186 503 1811 2264">
    <p class='ocr_par' dir='ltr' id='par_1_1' title="bbox 389 503 1809 569">
     <span class='ocr_line' id='line_1_1' title="bbox 389 503 1809 569; baseline -0.006 0"><span class='ocrx_word' id='word_1_1' title='bbox 389 512 627 569; x_wconf 87' lang='lat' dir='ltr'>Nobilem</span> <span class='ocrx_word' id='word_1_2' title='bbox 666 513 949 566; x_wconf 84' lang='lat' dir='ltr'>universalis</span> <span class='ocrx_word' id='word_1_3' title='bbox 990 514 1169 566; x_wconf 85' lang='lat' dir='ltr'>statum</span> <span class='ocrx_word' id='word_1_4' title='bbox 1214 512 1231 559; x_wconf 87' lang='lat'><strong><em>!</em></strong></span> <span class='ocrx_word' id='word_1_5' title='bbox 1287 509 1462 562; x_wconf 87' lang='lat' dir='ltr'>Homo</span> <span class='ocrx_word' id='word_1_6' title='bbox 1495 506 1547 557; x_wconf 88' lang='lat' dir='ltr'>in</span> <span class='ocrx_word' id='word_1_7' title='bbox 1597 522 1660 559; x_wconf 90' lang='lat' dir='ltr'>eo</span> <span class='ocrx_word' id='word_1_8' title='bbox 1684 503 1809 561; x_wconf 85' lang='lat' dir='ltr'>statu</span> 
     </span>
    </p>

    <p class='ocr_par' dir='ltr' id='par_1_2' title="bbox 186 581 1811 2264">
     <span class='ocr_line' id='line_1_2' title="bbox 389 581 1808 645; baseline -0.007 -1"><span class='ocrx_word' id='word_1_9' title='bbox 389 608 524 644; x_wconf 90' lang='lat' dir='ltr'>extra</span> <span class='ocrx_word' id='word_1_10' title='bbox 550 605 726 641; x_wconf 83' lang='lat' dir='ltr'>omnes</span> <span class='ocrx_word' id='word_1_11' title='bbox 756 589 987 641; x_wconf 87' lang='lat' dir='ltr'>homines</span> <span class='ocrx_word' id='word_1_12' title='bbox 1019 589 1089 642; x_wconf 89' lang='lat' dir='ltr'>est</span> <span class='ocrx_word' id='word_1_13' title='bbox 1117 623 1131 645; x_wconf 87' lang='lat'>,</span> <span class='ocrx_word' id='word_1_14' title='bbox 1173 584 1254 638; x_wconf 85' lang='lat' dir='ltr'>sed</span> <span class='ocrx_word' id='word_1_15' title='bbox 1283 603 1385 636; x_wconf 88' lang='lat' dir='ltr'>non</span> <span class='ocrx_word' id='word_1_16' title='bbox 1422 581 1642 635; x_wconf 86' lang='lat' dir='ltr'>exclusus</span> <span class='ocrx_word' id='word_1_17' title='bbox 1675 602 1698 643; x_wconf 81' lang='grc'>,-</span> <span class='ocrx_word' id='word_1_18' title='bbox 1729 586 1808 634; x_wconf 92' lang='lat' dir='ltr'>in-</span> 
     </span>
     <span class='ocr_line' id='line_1_3' title="bbox 193 656 1809 735; baseline -0.006 -17"><span class='ocrx_word' id='word_1_19' title='bbox 193 680 265 718; x_wconf 88' lang='lat' dir='ltr'>tra</span> <span class='ocrx_word' id='word_1_20' title='bbox 289 685 468 721; x_wconf 88' lang='lat' dir='ltr'>omnes</span> <span class='ocrx_word' id='word_1_21' title='bbox 498 705 511 727; x_wconf 92' lang='lat'>,</span> <span class='ocrx_word' id='word_1_22' title='bbox 541 664 619 718; x_wconf 85' lang='lat' dir='ltr'>sed</span> <span class='ocrx_word' id='word_1_23' title='bbox 649 683 755 717; x_wconf 89' lang='lat' dir='ltr'>non</span> <span class='ocrx_word' id='word_1_24' title='bbox 785 665 996 718; x_wconf 86' lang='lat' dir='ltr'>inclusus</span> <span class='ocrx_word' id='word_1_25' title='bbox 1030 682 1048 732; x_wconf 99' lang='grc'><strong><em>5</em></strong></span> <span class='ocrx_word' id='word_1_26' title='bbox 1086 668 1135 715; x_wconf 88' lang='lat' dir='ltr'>in</span> <span class='ocrx_word' id='word_1_27' title='bbox 1163 662 1360 735; x_wconf 83' lang='lat' dir='ltr'>fingulis</span> <span class='ocrx_word' id='word_1_28' title='bbox 1403 677 1530 710; x_wconf 89' lang='lat' dir='ltr'>unus</span> <span class='ocrx_word' id='word_1_29' title='bbox 1555 695 1569 718; x_wconf 93' lang='lat'>‚</span> <span class='ocrx_word' id='word_1_30' title='bbox 1598 656 1678 711; x_wconf 85' lang='lat' dir='ltr'>secl</span> <span class='ocrx_word' id='word_1_31' title='bbox 1703 674 1809 710; x_wconf 86' lang='lat' dir='ltr'>non</span> 
     </span>
     <span class='ocr_line' id='line_1_4' title="bbox 195 734 1810 812; baseline -0.005 -19"><span class='ocrx_word' id='word_1_32' title='bbox 195 757 327 795; x_wconf 85' lang='lat' dir='ltr'>totus</span> <span class='ocrx_word' id='word_1_33' title='bbox 354 765 378 806; x_wconf 89' lang='lat'><em>;</em></span> <span class='ocrx_word' id='word_1_34' title='bbox 425 748 474 794; x_wconf 87' lang='lat' dir='ltr'>in</span> <span class='ocrx_word' id='word_1_35' title='bbox 514 740 752 794; x_wconf 89' lang='lat' dir='ltr'>omnibus</span> <span class='ocrx_word' id='word_1_36' title='bbox 791 742 1055 812; x_wconf 84' lang='lat' dir='ltr'>multiplex</span> <span class='ocrx_word' id='word_1_37' title='bbox 1086 780 1098 801; x_wconf 95' lang='lat'>,</span> <span class='ocrx_word' id='word_1_38' title='bbox 1145 739 1225 792; x_wconf 86' lang='lat' dir='ltr'>sed</span> <span class='ocrx_word' id='word_1_39' title='bbox 1268 754 1372 789; x_wconf 89' lang='lat' dir='ltr'>non</span> <span class='ocrx_word' id='word_1_40' title='bbox 1419 734 1616 788; x_wconf 85' lang='lat' dir='ltr'>divisus.</span> <span class='ocrx_word' id='word_1_41' title='bbox 1696 736 1810 788; x_wconf 90' lang='lat' dir='ltr'>Ho-</span> 
     </span>
     <span class='ocr_line' id='line_1_5' title="bbox 194 811 1810 881; baseline -0.007 -10"><span class='ocrx_word' id='word_1_42' title='bbox 194 835 284 871; x_wconf 90' lang='lat' dir='ltr'>mo</span> <span class='ocrx_word' id='word_1_43' title='bbox 323 823 445 870; x_wconf 90' lang='lat' dir='ltr'>vivit</span> <span class='ocrx_word' id='word_1_44' title='bbox 474 822 522 870; x_wconf 89' lang='lat' dir='ltr'>in</span> <span class='ocrx_word' id='word_1_45' title='bbox 548 835 609 868; x_wconf 86' lang='lat' dir='ltr'>eo</span> <span class='ocrx_word' id='word_1_46' title='bbox 649 817 774 870; x_wconf 88' lang='lat' dir='ltr'>statu</span> <span class='ocrx_word' id='word_1_47' title='bbox 803 858 816 880; x_wconf 92' lang='lat'>‚</span> <span class='ocrx_word' id='word_1_48' title='bbox 865 835 959 870; x_wconf 89' lang='lat' dir='ltr'>nec</span> <span class='ocrx_word' id='word_1_49' title='bbox 997 819 1206 870; x_wconf 79' lang='lat' dir='ltr'>vescitur</span> <span class='ocrx_word' id='word_1_50' title='bbox 1234 832 1251 881; x_wconf 86' lang='grc'><strong><em>5</em></strong></span> <span class='ocrx_word' id='word_1_51' title='bbox 1294 811 1543 864; x_wconf 86' lang='lat' dir='ltr'>rationalis</span> <span class='ocrx_word' id='word_1_52' title='bbox 1574 811 1677 871; x_wconf 90' lang='lat' dir='ltr'>est,</span> <span class='ocrx_word' id='word_1_53' title='bbox 1710 824 1810 861; x_wconf 77' lang='lat' dir='ltr'>nee</span> 
     </span>
     <span class='ocr_line' id='line_1_6' title="bbox 195 885 1809 961; baseline -0.006 -14"><span class='ocrx_word' id='word_1_54' title='bbox 195 894 424 948; x_wconf 81' lang='lat' dir='ltr'>discurrit</span> <span class='ocrx_word' id='word_1_55' title='bbox 461 911 479 961; x_wconf 88' lang='grc'><strong><em>5</em></strong></span> <span class='ocrx_word' id='word_1_56' title='bbox 520 892 768 946; x_wconf 86' lang='lat' dir='ltr'>senfitivus</span> <span class='ocrx_word' id='word_1_57' title='bbox 797 934 808 956; x_wconf 91' lang='lat'>‚</span> <span class='ocrx_word' id='word_1_58' title='bbox 862 911 957 947; x_wconf 88' lang='lat' dir='ltr'>nee</span> <span class='ocrx_word' id='word_1_59' title='bbox 986 896 1140 947; x_wconf 86' lang='lat' dir='ltr'>sentit.</span> <span class='ocrx_word' id='word_1_60' title='bbox 1222 893 1345 945; x_wconf 88' lang='lat' dir='ltr'>Non</span> <span class='ocrx_word' id='word_1_61' title='bbox 1389 889 1459 942; x_wconf 88' lang='lat' dir='ltr'>est</span> <span class='ocrx_word' id='word_1_62' title='bbox 1495 885 1630 940; x_wconf 89' lang='lat' dir='ltr'>albus</span> <span class='ocrx_word' id='word_1_63' title='bbox 1656 922 1673 945; x_wconf 90' lang='lat'><strong>,</strong></span> <span class='ocrx_word' id='word_1_64' title='bbox 1710 895 1809 938; x_wconf 73' lang='lat' dir='ltr'>nec</span> 
     </span>
     <span class='ocr_line' id='line_1_7' title="bbox 194 964 1810 1044; baseline -0.006 -22"><span class='ocrx_word' id='word_1_65' title='bbox 194 975 339 1044; x_wconf 87' lang='lat' dir='ltr'>niger</span> <span class='ocrx_word' id='word_1_66' title='bbox 377 988 396 1039; x_wconf 94' lang='grc'><strong><em>5</em></strong></span> <span class='ocrx_word' id='word_1_67' title='bbox 425 970 529 1022; x_wconf 84' lang='lat' dir='ltr'>haec</span> <span class='ocrx_word' id='word_1_68' title='bbox 557 970 665 1021; x_wconf 86' lang='lat' dir='ltr'>sunt</span> <span class='ocrx_word' id='word_1_69' title='bbox 694 969 969 1024; x_wconf 80' lang='lat' dir='ltr'>accidentia</span> <span class='ocrx_word' id='word_1_70' title='bbox 1008 1011 1021 1032; x_wconf 91' lang='lat'><strong>,</strong></span> <span class='ocrx_word' id='word_1_71' title='bbox 1073 966 1252 1041; x_wconf 85' lang='lat' dir='ltr'>quibus</span> <span class='ocrx_word' id='word_1_72' title='bbox 1275 970 1492 1017; x_wconf 82' lang='lat' dir='ltr'>exuitur.</span> <span class='ocrx_word' id='word_1_73' title='bbox 1575 964 1698 1018; x_wconf 91' lang='lat' dir='ltr'>Non</span> <span class='ocrx_word' id='word_1_74' title='bbox 1730 964 1810 1014; x_wconf 87' lang='lat' dir='ltr'>vi-</span> 
     </span>
     <span class='ocr_line' id='line_1_8' title="bbox 194 1036 1810 1110; baseline -0.007 -10"><span class='ocrx_word' id='word_1_75' title='bbox 194 1045 341 1100; x_wconf 87' lang='lat' dir='ltr'>detur</span> <span class='ocrx_word' id='word_1_76' title='bbox 368 1084 384 1107; x_wconf 89' lang='lat'>,</span> <span class='ocrx_word' id='word_1_77' title='bbox 422 1064 516 1099; x_wconf 84' lang='lat' dir='ltr'>nee</span> <span class='ocrx_word' id='word_1_78' title='bbox 553 1045 688 1098; x_wconf 88' lang='lat' dir='ltr'>videt</span> <span class='ocrx_word' id='word_1_79' title='bbox 725 1068 752 1110; x_wconf 88' lang='lat'><em>;</em></span> <span class='ocrx_word' id='word_1_80' title='bbox 811 1046 916 1099; x_wconf 81' lang='lat' dir='ltr'>haec</span> <span class='ocrx_word' id='word_1_81' title='bbox 949 1048 1060 1100; x_wconf 79' lang='lat' dir='ltr'>{unt</span> <span class='ocrx_word' id='word_1_82' title='bbox 1097 1042 1261 1099; x_wconf 83' lang='lat' dir='ltr'>officia</span> <span class='ocrx_word' id='word_1_83' title='bbox 1303 1042 1532 1094; x_wconf 89' lang='lat' dir='ltr'>sensuum</span> <span class='ocrx_word' id='word_1_84' title='bbox 1565 1077 1579 1101; x_wconf 89' lang='lat'><strong>,</strong></span> <span class='ocrx_word' id='word_1_85' title='bbox 1627 1036 1810 1110; x_wconf 85' lang='lat' dir='ltr'>quibus</span> 
     </span>
     <span class='ocr_line' id='line_1_9' title="bbox 195 1116 1810 1194; baseline -0.005 -19"><span class='ocrx_word' id='word_1_86' title='bbox 195 1139 299 1175; x_wconf 87' lang='lat' dir='ltr'>non</span> <span class='ocrx_word' id='word_1_87' title='bbox 329 1127 492 1175; x_wconf 89' lang='lat' dir='ltr'>utitur.</span> <span class='ocrx_word' id='word_1_88' title='bbox 571 1123 617 1174; x_wconf 87' lang='lat' dir='ltr'>Si</span> <span class='ocrx_word' id='word_1_89' title='bbox 648 1120 834 1194; x_wconf 69' lang='lat' dir='ltr'>quaeras</span> <span class='ocrx_word' id='word_1_90' title='bbox 863 1163 877 1185; x_wconf 89' lang='lat'>‚</span> <span class='ocrx_word' id='word_1_91' title='bbox 909 1123 994 1176; x_wconf 88' lang='lat' dir='ltr'>ubi</span> <span class='ocrx_word' id='word_1_92' title='bbox 1021 1122 1074 1175; x_wconf 83' lang='lat' dir='ltr'>fit</span> <span class='ocrx_word' id='word_1_93' title='bbox 1108 1136 1123 1176; x_wconf 72' lang='lat'>,²</span> <span class='ocrx_word' id='word_1_94' title='bbox 1178 1123 1311 1174; x_wconf 88' lang='lat' dir='ltr'>Intra</span> <span class='ocrx_word' id='word_1_95' title='bbox 1349 1116 1661 1170; x_wconf 63' lang='lat' dir='ltr'>intelleehtm</span> <span class='ocrx_word' id='word_1_96' title='bbox 1704 1117 1810 1168; x_wconf 81' lang='lat' dir='ltr'>Lo-</span> 
     </span>
     <span class='ocr_line' id='line_1_10' title="bbox 194 1190 1810 1271; baseline -0.006 -21"><span class='ocrx_word' id='word_1_97' title='bbox 194 1203 291 1271; x_wconf 81' lang='lat' dir='ltr'>gici</span> <span class='ocrx_word' id='word_1_98' title='bbox 313 1200 384 1254; x_wconf 87' lang='lat' dir='ltr'>est</span> <span class='ocrx_word' id='word_1_99' title='bbox 413 1238 427 1261; x_wconf 94' lang='lat'><strong><em>,</em></strong></span> <span class='ocrx_word' id='word_1_100' title='bbox 471 1206 523 1253; x_wconf 78' lang='grc' dir='ltr'>δι</span> <span class='ocrx_word' id='word_1_101' title='bbox 549 1214 684 1251; x_wconf 86' lang='lat' dir='ltr'>extra</span> <span class='ocrx_word' id='word_1_102' title='bbox 713 1201 872 1253; x_wconf 82' lang='lat' dir='ltr'>illum.</span> <span class='ocrx_word' id='word_1_103' title='bbox 957 1203 1057 1254; x_wconf 88' lang='lat' dir='ltr'>Hic</span> <span class='ocrx_word' id='word_1_104' title='bbox 1081 1197 1219 1252; x_wconf 75' lang='lat' dir='ltr'>faber</span> <span class='ocrx_word' id='word_1_105' title='bbox 1249 1235 1261 1257; x_wconf 93' lang='lat'><strong>‚</strong></span> <span class='ocrx_word' id='word_1_106' title='bbox 1288 1202 1340 1249; x_wconf 86' lang='lat'>&amp;</span> <span class='ocrx_word' id='word_1_107' title='bbox 1368 1196 1542 1246; x_wconf 85' lang='lat' dir='ltr'>artifex</span> <span class='ocrx_word' id='word_1_108' title='bbox 1572 1210 1590 1261; x_wconf 87' lang='grc'><strong><em>5</em></strong></span> <span class='ocrx_word' id='word_1_109' title='bbox 1617 1190 1810 1261; x_wconf 86' lang='lat' dir='ltr'>hospes,</span> 
     </span>
     <span class='ocr_line' id='line_1_11' title="bbox 193 1270 1809 1346; baseline -0.007 -17"><span class='ocrx_word' id='word_1_110' title='bbox 193 1284 247 1329; x_wconf 76' lang='grc' dir='ltr'>δε</span> <span class='ocrx_word' id='word_1_111' title='bbox 273 1279 574 1346; x_wconf 81' lang='lat' dir='ltr'>priucipium</span> <span class='ocrx_word' id='word_1_112' title='bbox 600 1276 670 1328; x_wconf 90' lang='lat' dir='ltr'>est</span> <span class='ocrx_word' id='word_1_113' title='bbox 711 1281 831 1328; x_wconf 89' lang='lat' dir='ltr'>tanti</span> <span class='ocrx_word' id='word_1_114' title='bbox 879 1278 1120 1329; x_wconf 87' lang='lat' dir='ltr'>miraculi.</span> <span class='ocrx_word' id='word_1_115' title='bbox 1203 1276 1336 1328; x_wconf 80' lang='lat' dir='ltr'>Facit</span> <span class='ocrx_word' id='word_1_116' title='bbox 1382 1270 1648 1324; x_wconf 86' lang='lat' dir='ltr'>hominem</span> <span class='ocrx_word' id='word_1_117' title='bbox 1688 1270 1809 1319; x_wconf 88' lang='lat' dir='ltr'>uni-</span> 
     </span>
     <span class='ocr_line' id='line_1_12' title="bbox 194 1345 1811 1421; baseline -0.006 -17"><span class='ocrx_word' id='word_1_118' title='bbox 194 1353 433 1405; x_wconf 79' lang='lat' dir='ltr'>versalem</span> <span class='ocrx_word' id='word_1_119' title='bbox 463 1390 478 1412; x_wconf 89' lang='lat'>‚</span> <span class='ocrx_word' id='word_1_120' title='bbox 513 1352 638 1406; x_wconf 91' lang='lat' dir='ltr'>dum</span> <span class='ocrx_word' id='word_1_121' title='bbox 666 1351 902 1406; x_wconf 85' lang='lat' dir='ltr'>abstrahit</span> <span class='ocrx_word' id='word_1_122' title='bbox 927 1371 945 1421; x_wconf 86' lang='grc'><strong><em>5</em></strong></span> <span class='ocrx_word' id='word_1_123' title='bbox 975 1351 1206 1407; x_wconf 88' lang='lat' dir='ltr'>abstrahit</span> <span class='ocrx_word' id='word_1_124' title='bbox 1231 1389 1245 1412; x_wconf 91' lang='lat'>,</span> <span class='ocrx_word' id='word_1_125' title='bbox 1286 1349 1413 1403; x_wconf 86' lang='lat' dir='ltr'>dum</span> <span class='ocrx_word' id='word_1_126' title='bbox 1457 1345 1658 1400; x_wconf 90' lang='lat' dir='ltr'>nudum</span> <span class='ocrx_word' id='word_1_127' title='bbox 1684 1361 1811 1396; x_wconf 63' lang='lat' dir='ltr'>cona</span> 
     </span>
     <span class='ocr_line' id='line_1_13' title="bbox 192 1420 1808 1503; baseline -0.006 -22"><span class='ocrx_word' id='word_1_128' title='bbox 192 1433 326 1498; x_wconf 84' lang='lat' dir='ltr'>cipit.</span> <span class='ocrx_word' id='word_1_129' title='bbox 408 1426 474 1487; x_wconf 56' lang='grc' dir='ltr'>ξε</span> <span class='ocrx_word' id='word_1_130' title='bbox 554 1424 744 1483; x_wconf 76' lang='lat' dir='ltr'>Verum</span> <span class='ocrx_word' id='word_1_131' title='bbox 775 1443 828 1481; x_wconf 91' lang='lat' dir='ltr'>ut</span> <span class='ocrx_word' id='word_1_132' title='bbox 857 1432 1046 1503; x_wconf 83' lang='lat' dir='ltr'>Logica</span> <span class='ocrx_word' id='word_1_133' title='bbox 1070 1429 1422 1498; x_wconf 87' lang='lat' dir='ltr'>thaumaturga</span> <span class='ocrx_word' id='word_1_134' title='bbox 1452 1423 1506 1475; x_wconf 85' lang='lat' dir='ltr'>fit</span> <span class='ocrx_word' id='word_1_135' title='bbox 1544 1460 1559 1483; x_wconf 91' lang='lat'><em>‚</em></span> <span class='ocrx_word' id='word_1_136' title='bbox 1601 1420 1808 1491; x_wconf 72' lang='lat' dir='ltr'>praepla-</span> 
     </span>
     <span class='ocr_line' id='line_1_14' title="bbox 191 1497 1809 1577; baseline -0.006 -21"><span class='ocrx_word' id='word_1_137' title='bbox 191 1521 267 1556; x_wconf 84' lang='lat' dir='ltr'>cet</span> <span class='ocrx_word' id='word_1_138' title='bbox 297 1520 467 1556; x_wconf 85' lang='lat' dir='ltr'>tamen</span> <span class='ocrx_word' id='word_1_139' title='bbox 497 1503 731 1558; x_wconf 86' lang='lat' dir='ltr'>Mathefis</span> <span class='ocrx_word' id='word_1_140' title='bbox 762 1523 778 1572; x_wconf 82' lang='lat'><em>3</em></span> <span class='ocrx_word' id='word_1_141' title='bbox 820 1511 937 1576; x_wconf 87' lang='lat' dir='ltr'>quia</span> <span class='ocrx_word' id='word_1_142' title='bbox 967 1524 1095 1577; x_wconf 89' lang='lat' dir='ltr'>pene</span> <span class='ocrx_word' id='word_1_143' title='bbox 1133 1503 1314 1558; x_wconf 86' lang='lat' dir='ltr'>divina.</span> <span class='ocrx_word' id='word_1_144' title='bbox 1368 1503 1489 1555; x_wconf 81' lang='lat' dir='ltr'>Haee</span> <span class='ocrx_word' id='word_1_145' title='bbox 1536 1498 1637 1552; x_wconf 84' lang='lat' dir='ltr'>sola</span> <span class='ocrx_word' id='word_1_146' title='bbox 1703 1497 1809 1549; x_wconf 85' lang='lat' dir='ltr'>alu·</span> 
     </span>
     <span class='ocr_line' id='line_1_15' title="bbox 193 1577 1807 1635; baseline -0.005 -2"><span class='ocrx_word' id='word_1_147' title='bbox 193 1597 340 1633; x_wconf 88' lang='lat' dir='ltr'>mnos</span> <span class='ocrx_word' id='word_1_148' title='bbox 374 1581 478 1633; x_wconf 85' lang='lat' dir='ltr'>suos</span> <span class='ocrx_word' id='word_1_149' title='bbox 516 1581 708 1635; x_wconf 81' lang='lat' dir='ltr'>coeliae</span> <span class='ocrx_word' id='word_1_150' title='bbox 750 1596 889 1635; x_wconf 84' lang='lat' dir='ltr'>terrae</span> <span class='ocrx_word' id='word_1_151' title='bbox 925 1581 1162 1635; x_wconf 86' lang='lat' dir='ltr'>dominos</span> <span class='ocrx_word' id='word_1_152' title='bbox 1186 1581 1454 1633; x_wconf 88' lang='lat' dir='ltr'>constituit.</span> <span class='ocrx_word' id='word_1_153' title='bbox 1535 1577 1807 1628; x_wconf 88' lang='lat' dir='ltr'>Diametro</span> 
     </span>
     <span class='ocr_line' id='line_1_16' title="bbox 192 1648 1809 1729; baseline -0.002 -23"><span class='ocrx_word' id='word_1_154' title='bbox 192 1671 330 1707; x_wconf 77' lang='lat' dir='ltr'>rerrae</span> <span class='ocrx_word' id='word_1_155' title='bbox 358 1656 582 1709; x_wconf 70' lang='lat' dir='ltr'>bifariam</span> <span class='ocrx_word' id='word_1_156' title='bbox 603 1655 984 1729; x_wconf 65' lang='lat' dir='ltr'>divisa‚reperit</span> <span class='ocrx_word' id='word_1_157' title='bbox 1011 1656 1433 1711; x_wconf 86' lang='lat' dir='ltr'>semidiametrum</span> <span class='ocrx_word' id='word_1_158' title='bbox 1460 1653 1666 1724; x_wconf 88' lang='lat' dir='ltr'>longam</span> <span class='ocrx_word' id='word_1_159' title='bbox 1708 1648 1809 1702; x_wconf 79' lang='lat' dir='ltr'>effe</span> 
     </span>
     <span class='ocr_line' id='line_1_17' title="bbox 200 1724 1809 1805; baseline -0.004 -21"><span class='ocrx_word' id='word_1_160' title='bbox 200 1751 491 1797; x_wconf 82' lang='lat'>17200000.</span> <span class='ocrx_word' id='word_1_161' title='bbox 515 1735 683 1805; x_wconf 81' lang='lat' dir='ltr'>pedes3</span> <span class='ocrx_word' id='word_1_162' title='bbox 700 1733 845 1787; x_wconf 85' lang='lat' dir='ltr'>horas</span> <span class='ocrx_word' id='word_1_163' title='bbox 874 1733 996 1788; x_wconf 72' lang='lat' dir='ltr'>vero</span> <span class='ocrx_word' id='word_1_164' title='bbox 1043 1754 1061 1787; x_wconf 85' lang='lat'>1</span> <span class='ocrx_word' id='word_1_165' title='bbox 1083 1743 1199 1800; x_wconf 82' lang='lat'>146.</span> <span class='ocrx_word' id='word_1_166' title='bbox 1232 1740 1285 1787; x_wconf 73' lang='grc' dir='ltr'>δι</span> <span class='ocrx_word' id='word_1_167' title='bbox 1308 1738 1507 1785; x_wconf 87' lang='lat' dir='ltr'>minuta</span> <span class='ocrx_word' id='word_1_168' title='bbox 1533 1747 1624 1793; x_wconf 86' lang='lat'>40.</span> <span class='ocrx_word' id='word_1_169' title='bbox 1653 1724 1809 1780; x_wconf 72' lang='lat' dir='ltr'>Porro</span> 
     </span>
     <span class='ocr_line' id='line_1_18' title="bbox 191 1803 1804 1883; baseline -0.011 -11"><span class='ocrx_word' id='word_1_170' title='bbox 191 1807 308 1861; x_wconf 78' lang='lat' dir='ltr'>cum</span> <span class='ocrx_word' id='word_1_171' title='bbox 358 1810 472 1862; x_wconf 65' lang='lat' dir='ltr'>sciat</span> <span class='ocrx_word' id='word_1_172' title='bbox 506 1846 521 1870; x_wconf 69' lang='grc' dir='ltr'><strong><em>ι</em></strong></span> <span class='ocrx_word' id='word_1_173' title='bbox 578 1809 708 1864; x_wconf 88' lang='lat' dir='ltr'>hanc</span> <span class='ocrx_word' id='word_1_174' title='bbox 758 1810 857 1864; x_wconf 83' lang='lat' dir='ltr'>effe</span> <span class='ocrx_word' id='word_1_175' title='bbox 966 1811 1338 1883; x_wconf 85' lang='lat' dir='ltr'>longitudinem</span> <span class='ocrx_word' id='word_1_176' title='bbox 1390 1813 1481 1860; x_wconf 81' lang='lat' dir='ltr'>viae</span> <span class='ocrx_word' id='word_1_177' title='bbox 1542 1804 1607 1859; x_wconf 88' lang='lat' dir='ltr'>ad</span> <span class='ocrx_word' id='word_1_178' title='bbox 1639 1803 1804 1855; x_wconf 85' lang='lat' dir='ltr'>medi-</span> 
     </span>
     <span class='ocr_line' id='line_1_19' title="bbox 191 1879 1799 1962; baseline -0.004 -25"><span class='ocrx_word' id='word_1_179' title='bbox 191 1886 482 1938; x_wconf 84' lang='lat' dir='ltr'>uminferni</span> <span class='ocrx_word' id='word_1_180' title='bbox 509 1925 523 1947; x_wconf 92' lang='lat'>,</span> <span class='ocrx_word' id='word_1_181' title='bbox 565 1905 719 1958; x_wconf 88' lang='lat' dir='ltr'>quam</span> <span class='ocrx_word' id='word_1_182' title='bbox 755 1902 926 1941; x_wconf 87' lang='lat' dir='ltr'>tamen</span> <span class='ocrx_word' id='word_1_183' title='bbox 979 1904 1190 1962; x_wconf 86' lang='lat' dir='ltr'>urgente</span> <span class='ocrx_word' id='word_1_184' title='bbox 1240 1885 1412 1942; x_wconf 84' lang='lat' dir='ltr'>divina</span> <span class='ocrx_word' id='word_1_185' title='bbox 1447 1879 1654 1937; x_wconf 87' lang='lat' dir='ltr'>Nemefi</span> <span class='ocrx_word' id='word_1_186' title='bbox 1683 1883 1799 1932; x_wconf 88' lang='lat' dir='ltr'>ani-</span> 
     </span>
     <span class='ocr_line' id='line_1_20' title="bbox 190 1957 1797 2032; baseline -0.004 -18"><span class='ocrx_word' id='word_1_187' title='bbox 190 1980 273 2014; x_wconf 88' lang='lat' dir='ltr'>ma</span> <span class='ocrx_word' id='word_1_188' title='bbox 331 1968 578 2032; x_wconf 85' lang='lat' dir='ltr'>peccatrix</span> <span class='ocrx_word' id='word_1_189' title='bbox 637 1968 762 2017; x_wconf 84' lang='lat' dir='ltr'>intra</span> <span class='ocrx_word' id='word_1_190' title='bbox 820 1981 1142 2019; x_wconf 87' lang='lat' dir='ltr'>momentum</span> <span class='ocrx_word' id='word_1_191' title='bbox 1189 1969 1425 2018; x_wconf 87' lang='lat' dir='ltr'>emetitur</span> <span class='ocrx_word' id='word_1_192' title='bbox 1474 1981 1498 2023; x_wconf 79' lang='lat'>,-</span> <span class='ocrx_word' id='word_1_193' title='bbox 1546 1957 1797 2028; x_wconf 80' lang='lat' dir='ltr'>discipulis</span> 
     </span>
     <span class='ocr_line' id='line_1_21' title="bbox 190 2035 1793 2109; baseline 0.001 -20"><span class='ocrx_word' id='word_1_194' title='bbox 190 2040 282 2090; x_wconf 86' lang='lat' dir='ltr'>suis</span> <span class='ocrx_word' id='word_1_195' title='bbox 319 2041 519 2091; x_wconf 81' lang='lat' dir='ltr'>sollicita</span> <span class='ocrx_word' id='word_1_196' title='bbox 555 2042 836 2095; x_wconf 87' lang='lat' dir='ltr'>acclamat:</span> <span class='ocrx_word' id='word_1_197' title='bbox 869 2043 923 2094; x_wconf 89' lang='lat' dir='ltr'>O</span> <span class='ocrx_word' id='word_1_198' title='bbox 960 2040 1172 2094; x_wconf 84' lang='lat' dir='ltr'>terribile</span> <span class='ocrx_word' id='word_1_199' title='bbox 1218 2057 1541 2094; x_wconf 89' lang='lat' dir='ltr'>momentum</span> <span class='ocrx_word' id='word_1_200' title='bbox 1585 2078 1599 2098; x_wconf 88' lang='lat'>‚</span> <span class='ocrx_word' id='word_1_201' title='bbox 1650 2035 1793 2109; x_wconf 86' lang='lat' dir='ltr'>quod</span> 
     </span>
     <span class='ocr_line' id='line_1_22' title="bbox 186 2109 1791 2192; baseline 0 -26"><span class='ocrx_word' id='word_1_202' title='bbox 186 2115 255 2168; x_wconf 87' lang='lat' dir='ltr'>est</span> <span class='ocrx_word' id='word_1_203' title='bbox 315 2119 513 2169; x_wconf 87' lang='lat' dir='ltr'>initium</span> <span class='ocrx_word' id='word_1_204' title='bbox 568 2135 728 2186; x_wconf 82' lang='lat' dir='ltr'>poenae</span> <span class='ocrx_word' id='word_1_205' title='bbox 783 2157 799 2181; x_wconf 90' lang='lat'>‚</span> <span class='ocrx_word' id='word_1_206' title='bbox 863 2136 1130 2192; x_wconf 86' lang='lat' dir='ltr'>nunquam</span> <span class='ocrx_word' id='word_1_207' title='bbox 1189 2117 1422 2171; x_wconf 77' lang='lat' dir='ltr'>finiendae</span> <span class='ocrx_word' id='word_1_208' title='bbox 1470 2109 1483 2172; x_wconf 82' lang='lat' dir='ltr'>l</span> <span class='ocrx_word' id='word_1_209' title='bbox 1543 2117 1727 2187; x_wconf 85' lang='lat' dir='ltr'>Cogita</span> <span class='ocrx_word' id='word_1_210' title='bbox 1774 2153 1791 2177; x_wconf 87' lang='lat'><strong>,</strong></span> 
     </span>
     <span class='ocr_line' id='line_1_23' title="bbox 188 2189 1800 2264; baseline 0.001 -22"><span class='ocrx_word' id='word_1_211' title='bbox 188 2189 329 2257; x_wconf 79' lang='lat' dir='ltr'>quod</span> <span class='ocrx_word' id='word_1_212' title='bbox 379 2232 391 2254; x_wconf 89' lang='lat'>‚</span> <span class='ocrx_word' id='word_1_213' title='bbox 441 2191 732 2264; x_wconf 85' lang='lat' dir='ltr'>ubicunque</span> <span class='ocrx_word' id='word_1_214' title='bbox 781 2195 872 2248; x_wconf 87' lang='lat' dir='ltr'>stes</span> <span class='ocrx_word' id='word_1_215' title='bbox 900 2232 915 2254; x_wconf 90' lang='lat'>,</span> <span class='ocrx_word' id='word_1_216' title='bbox 994 2194 1055 2249; x_wconf 86' lang='lat' dir='ltr'>ad</span> <span class='ocrx_word' id='word_1_217' title='bbox 1079 2195 1342 2251; x_wconf 75' lang='lat' dir='ltr'>exordium</span> <span class='ocrx_word' id='word_1_218' title='bbox 1372 2193 1514 2259; x_wconf 86' lang='lat' dir='ltr'>hujus</span> <span class='ocrx_word' id='word_1_219' title='bbox 1552 2200 1640 2244; x_wconf 78' lang='lat' dir='ltr'>viae</span> <span class='ocrx_word' id='word_1_220' title='bbox 1697 2191 1800 2244; x_wconf 82' lang='lat' dir='ltr'>stes.</span> 
     </span>
    </p>
   </div>
   <div class='ocr_carea' id='block_1_2' title="bbox 191 2266 1796 2421">
    <p class='ocr_par' dir='ltr' id='par_1_3' title="bbox 191 2266 1796 2421">
     <span class='ocr_line' id='line_1_24' title="bbox 191 2266 1794 2401; baseline 0 -82"><span class='ocrx_word' id='word_1_221' title='bbox 191 2267 332 2320; x_wconf 86' lang='lat' dir='ltr'>Cave</span> <span class='ocrx_word' id='word_1_222' title='bbox 408 2305 426 2331; x_wconf 90' lang='lat'>,</span> <span class='ocrx_word' id='word_1_223' title='bbox 508 2288 576 2326; x_wconf 79' lang='lat' dir='ltr'>ne</span> <span class='ocrx_word' id='word_1_224' title='bbox 623 2288 712 2344; x_wconf 84' lang='lat' dir='ltr'>per</span> <span class='ocrx_word' id='word_1_225' title='bbox 745 2286 1008 2401; x_wconf 52' lang='lat' dir='ltr'>pcccatu3</span> <span class='ocrx_word' id='word_1_226' title='bbox 1052 2275 1101 2323; x_wconf 89' lang='lat' dir='ltr'>in</span> <span class='ocrx_word' id='word_1_227' title='bbox 1139 2291 1198 2328; x_wconf 86' lang='lat' dir='ltr'>ea</span> <span class='ocrx_word' id='word_1_228' title='bbox 1236 2273 1434 2328; x_wconf 71' lang='lat' dir='ltr'>ulterius</span> <span class='ocrx_word' id='word_1_229' title='bbox 1457 2266 1794 2345; x_wconf 83' lang='lat' dir='ltr'>progrediare.</span> 
     </span>
     <span class='ocr_line' id='line_1_25' title="bbox 191 2346 1796 2421; baseline -0.005 -14"><span class='ocrx_word' id='word_1_230' title='bbox 191 2370 197 2373; x_wconf 84' lang='grc'><em>·</em></span> <span class='ocrx_word' id='word_1_231' title='bbox 1047 2367 1074 2421; x_wconf 73' lang='lat'>3</span> <span class='ocrx_word' id='word_1_232' title='bbox 1719 2346 1796 2399; x_wconf 79' lang='lat' dir='ltr'>Ex</span> 
     </span>
    </p>
   </div>
  </div>
 </body>
</html>
