2044 2698
187 130 222 174 ⁸
821 125 1048 192 &ECOE
1102 125 1229 194 >Q

194 248 319 302 {ervi
359 264 601 313 nomen;
642 246 795 303 hodie
847 253 1011 320 prima
1052 249 1267 326 dignitas
1318 251 1430 313 est,
1483 259 1538 308 δι
1590 254 1830 324 supremae

195 326 467 389 Maiestatis
508 324 751 386 ambiti0‚
778 345 890 397 quae
941 327 987 379 se
1040 328 1238 382 servum
1281 323 1538 383 servorum
1592 331 1824 386 inscribit.

200 402 364 456 Prima
400 401 691 455 Orthodoxi
732 399 940 456 Senatfis
981 403 1167 463 Semo,
1220 423 1333 476 quae
1375 403 1577 460 Christo
1628 406 1828 477 praefide

199 483 252 530 in
308 495 486 530 monte
553 476 763 530 Thabor
803 477 1048 534 celebrata
1096 481 1209 539 cst,
1262 481 1557 535 felicitatem
1602 482 1826 539 hominis

197 553 449 615 definivit,
471 553 568 608 esse
592 554 890 625 obsequium
936 558 1066 611 DEI.
1144 556 1417 610 Indulserat
1455 559 1823 615 Bacchanalem

198 632 451 684 licentiam
493 634 763 701 Epicurus,·
791 631 873 686 sed
900 631 1097 686 beatitas
1129 635 1213 687 ista
1246 633 1512 689 bestiarum
1543 637 1667 689 fuit.
1707 656 1821 707 pro·

201 707 382 778 scripsit
431 708 565 760 illam
594 706 729 761 esuis
750 708 995 762 Thefibus
1023 711 1226 770 DEUS,
1255 718 1310 766 &
1348 711 1572 781 opposito
1609 718 1823 767 veritatis

198 786 282 839 De
285 799 421 837 creto
450 784 737 837 Anathema
784 784 909 838 dixit
952 786 1294 860 vulgatiffimae
1329 786 1397 841 de
1435 787 1670 841 felicitate
1717 789 1821 842 hae-

197 878 243 913 rt
244 860 300 913 fi.
387 860 540 914 Ceslit
564 862 823 931 disputatio
849 877 950 917 tam
987 864 1192 916 feliciter
1222 879 1276 916 ut
1315 863 1580 937 Areopago
1621 864 1821 932 judice,

199 936 334 991 circ&
369 936 664 1011 gladiatores
731 956 971 993 evocaret
1003 960 1027 1002 ‚·
1099 940 1214 993 feris
1266 959 1462 994 eremos
1510 947 1725 1011 eripuit,
1766 950 1820 998 δε

199 1015 370 1069 ascetis
432 1013 663 1067 tradidit.-
703 1020 889 1067 minuit
933 1034 1121 1069 natura:
1158 1018 1425 1078 monstra,
1463 1024 1516 1071 δε
1547 1022 1679 1070 auxit
1707 1037 1819 1089 gra·

197 1096 317 1143 tiae·
296 1129 311 1152 ‚
340 1094 459 1162 quia
482 1091 645 1144 faunis
675 1090 864 1161 pudicis
890 1093 1044 1163 sylvas
1069 1092 1379 1146 exhilaravit.
1464 1094 1622 1147 Urbes
1645 1096 1821 1164 imple-

198 1173 267 1220 vit
296 1167 545 1227 Protheis,
574 1165 656 1221 sed
686 1173 772 1238 qui
803 1173 855 1220 in
887 1170 1039 1223 solam
1081 1174 1297 1241 proximi
1331 1171 1541 1224 salutem
1580 1171 1822 1224 versatiles

195 1241 364 1298 essent.
443 1246 515 1298 Ita
539 1245 734 1313 explosa
759 1245 940 1300 mundi
981 1246 1215 1315 sapientia
1252 1265 1458 1305 novam,
1484 1264 1712 1316 veramq3
1747 1247 1820 1300 fe-

203 1321 440 1374 licitatem
466 1337 645 1373 omnes
672 1321 919 1391 quaesiere
998 1324 1108 1396 Age
1137 1328 1317 1395 igitur,
1332 1322 1469 1394 quod
1493 1328 1713 1392 primum
1730 1322 1822 1376 de-

168 1441 171 1444 «
199 1396 311 1457 bet,
329 1416 426 1451 nee
453 1395 636 1467 absque
663 1397 864 1451 summo
878 1414 965 1451 tuo
990 1398 1274 1457 commodo
1298 1400 1455 1471 potest
1470 1404 1564 1471 agi
1649 1402 1822 1472 Qid-

199 1474 326 1546 quid
350 1490 488 1526 extra
514 1472 670 1526 finem
698 1473 843 1527 suum
873 1477 973 1537 cst,
987 1476 1163 1528 infelix
1194 1476 1295 1535 est
1337 1475 1557 1527 informe
1584 1476 1653 1529 est
1682 1512 1697 1534 ,
1740 1478 1818 1527 vi-

199 1551 382 1605 tiosum
407 1551 494 1605 est.
577 1552 687 1623 Age
715 1555 977 1623 negotium
996 1591 1009 1614 ‚
1033 1557 1084 1604 in
1107 1569 1210 1622 quo
1239 1557 1438 1604 vertitur
1476 1553 1592 1604 felix
1623 1554 1819 1604 aeterni-

200 1643 286 1681 tas.
366 1626 541 1681 DEUS
553 1625 614 1678 ab
626 1631 770 1680 omni
787 1634 1056 1680 :eternitate
1074 1627 1215 1680 cordi
1232 1626 1402 1681 habuit
1418 1626 1514 1684 hoc
1533 1632 1816 1700 negotium.

200 1706 346 1760 Filius
368 1705 482 1760 DEI
511 1718 737 1756 mortuus
759 1705 831 1758 est
871 1709 922 1757 in
961 1722 1110 1758 cruce
1149 1720 1345 1776 propter
1394 1705 1490 1756 boc
1535 1710 1815 1777 negotium.

202 1782 388 1855 Angeli
415 1781 565 1834 nostri
582 1778 702 1832 boni
728 1798 935 1851 operam
965 1780 1103 1834 suam
1133 1782 1397 1833 conferunt
1438 1785 1490 1832 in
1534 1778 1630 1832 hoc
1660 1797 1818 1852 nego·

203 1864 349 1911 tium.
429 1857 658 1910 Mundus
682 1875 784 1909 non
804 1858 873 1911 est
892 1856 1149 1919 conditus,
1185 1856 1271 1909 nisi
1302 1873 1499 1928 propter
1528 1855 1625 1908 hoc
1654 1873 1816 1928 nego-

205 1940 349 1988 tium.
427 1934 475 1986 Si
502 1933 628 1986 solus
651 1931 748 1985 hoc
763 1938 1023 2007 negotium
1056 1934 1293 2007 negligis,
1318 1933 1478 1985 homo
1507 1950 1611 1984 non
1639 1950 1717 1991 ες,
1732 1929 1815 1985 sed

206 2010 482 2071 umbraes,
523 2007 604 2062 sed
646 2009 890 2124 (peili-um
923 2029 1003 2071 es,
1044 2016 1098 2065 δε
1126 2011 1405 2064 monstrum
1439 2008 1676 2061 hominis.
1757 2010 1816 2061 Et

205 2087 330 2160 quid
357 2104 500 2160 ages,
524 2077 733 2141 miselle!
775 2088 920 2145 velis,
946 2088 1077 2139 nolis
1116 2125 1130 2147 ,
1170 2087 1358 2138 Servies
1373 2087 1536 2146 DEO
1587 2086 1817 2137 Alteru-

208 2182 342 2218 trum
371 2160 669 2223 necessario,
697 2169 750 2217 δε
773 2168 894 2216 citra
933 2164 1088 2215 ullam
1133 2166 1254 2215 imn
1263 2168 1464 2215 unitatis
1496 2164 1629 2232 spem
1658 2177 1815 2232 agen-

210 2241 338 2295 dum
357 2241 438 2292 est
520 2239 624 2290 Aut
647 2246 788 2292 enim
822 2239 1085 2293 mandanti
1107 2241 1251 2293 DEO
1272 2238 1570 2310 obsequere?
1594 2244 1645 2290 δε
1669 2235 1815 2287 boni·

208 2332 366 2373 tatem
397 2315 510 2370 DEI
536 2314 870 2388 glorificabis
857 2335 908 2368 m
938 2316 1133 2372 Coelo.-
1183 2332 1265 2368 aut
1309 2314 1558 2368 rebellabis
1584 2331 1705 2367 cum
1729 2313 1817 2365 Sa-

258 2392 442 2448 [hana.
483 2393 789 2457 &justitiam
814 2394 924 2447 DEI
953 2392 1135 2466 glorifi
1129 2393 1242 2444 abis
1267 2401 1316 2444 in
1342 2390 1499 2443 inferi
1504 2408 1551 2442 ο.
1629 2392 1767 2464 Elige

525 2467 712 2533 modo,
737 2469 874 2545 quod
900 2471 1120 2544 obsequi]
1149 2488 1309 2545 genus
1329 2471 1532 2541 placeat
