2029 2708
810 120 926 186 Q<
960 126 1014 186 »Β
1049 120 1174 186 )ἓὲἰθ
1743 131 1807 180 53

204 235 1816 337 ffiffiffiffiffiffiffiffffiffirfflffffiffiffiffi

866 406 1012 492 XI
1037 408 1143 490 V·

294 559 360 612 Ol
383 558 556 612 oculus
582 557 760 613 mundi
786 557 880 620 est,
911 557 1193 624 jucundizas
1217 556 1367 615 Diei,
1392 553 1506 607 coeli
1535 552 1814 624 pulchritu-

297 637 358 690 do
377 671 392 694 ,
420 650 605 688 natura:
630 643 782 708 gratia
800 676 813 697 ‚
841 637 1110 705 praestantia
1147 647 1397 684 creaturae.
1491 629 1633 703 Qrid
1663 636 1812 704 igitur

209 719 424 772 mirum,
452 710 483 762 fi
502 713 823 786 Anaxagoras
847 713 891 763 se
918 711 1003 763 soli
1029 725 1201 762 natum
1231 705 1458 761 diffitfirit
1481 721 1496 761 .>
1544 707 1688 779 Quid
1714 711 1816 761 mi-

206 807 319 841 rum
339 825 352 846 ,
382 787 412 838 fi
443 787 587 849 huic,
614 789 767 842 semel
793 786 983 861 propius
997 787 1098 840 viso
1116 823 1130 846 ‚
1155 785 1413 839 Eudoxius
1453 787 1658 838 immori
1687 801 1817 837 con-

211 869 443 934 cupierit?
473 863 614 938 Qid
642 871 858 925 mirum,
885 863 915 915 fi
958 863 1195 933 Orpheus
1234 870 1285 915 &
1326 862 1579 913 Homerus
1618 860 1818 931 hymnis

217 940 458 1010 prosecuti
485 941 602 994 sint?
633 941 776 1011 Quid
809 945 990 993 mirum
1013 977 1027 1001 ,
1046 939 1076 991 fi
1106 940 1353 1010 Astrologi
1383 938 1635 992 coelestem
1678 937 1818 991 hunc

214 1019 529 1070 planetarum
559 1019 754 1090 Regem
786 1019 922 1088 supra
951 1019 1102 1071 coelos
1129 1013 1366 1068 efferant?
1407 1012 1672 1086 Quidquid
1687 1015 1819 1067 ridet

211 1097 263 1145 in
293 1093 444 1150 iride,
471 1091 613 1144 floret
642 1100 691 1145 in
706 1111 932 1164 pavone,
957 1094 1120 1146 rutilat
1159 1097 1210 1142 in
1245 1091 1511 1145 adamante
1540 1127 1554 1149 ‚
1593 1088 1818 1161 splendet

211 1174 263 1222 in
290 1168 514 1227 floribu3‚
553 1170 709 1238 placet
732 1175 781 1221 in
811 1168 1011 1231 tabulis,
1051 1168 1260 1236 dele&at
1295 1172 1346 1219 in
1372 1165 1583 1219 homine
1610 1205 1625 1228 ‚
1664 1164 1690 1218 ὲ
1718 1165 1818 1218 sole

212 1247 294 1299 est.
375 1244 560 1297 Merito
595 1252 705 1316 quis
729 1246 890 1299 facem
921 1247 1124 1298 solarem
1168 1249 1404 1297 omnium
1441 1244 1668 1297 colorum
1705 1260 1819 1296 ma-

213 1336 339 1373 trem
367 1320 574 1389 dixerit3
601 1340 751 1392 quoS‚
779 1338 950 1375 utnon
977 1340 1157 1375 omnes
1177 1319 1357 1373 efficiat
1380 1359 1392 1380 ‚
1432 1337 1600 1373 tamen
1636 1337 1817 1372 accen-

162 1435 165 1437 >
213 1397 307 1451 dit:
352 1396 416 1456 {0}
493 1399 708 1457 Plinius,
755 1415 939 1450 naturae
991 1399 1178 1451 ocellus
1204 1436 1218 1457 ,
1272 1397 1633 1450 lucidiffimurn
1672 1395 1816 1448 hunc

211 1473 394 1527 mundi
423 1475 626 1526 oculum
650 1476 978 1544 contempla-ri
1009 1492 1112 1526 non
1157 1488 1370 1544 poterat,
1403 1477 1526 1543 quin
1565 1472 1704 1543 supra
1737 1475 1816 1524 so-

214 1551 313 1602 lem
352 1565 642 1620 raperetur,
680 1558 732 1606 &
774 1551 1177 1620 sapientiffimum
1208 1549 1348 1614 hujus
1387 1549 1632 1602 artificem
1673 1548 1815 1601 miris

215 1626 442 1679 laudibus
464 1627 731 1679 extolleret.
810 1631 947 1683 Cum
975 1628 1180 1701 Angelis
1202 1627 1383 1696 sapuit,
1408 1628 1494 1696 qui
1517 1629 1662 1678 etiam
1675 1629 1816 1691 juxta

214 1704 471 1754 oraculum
489 1704 610 1755 Oris
632 1706 783 1756 Aurei
802 1705 1006 1760 DEUM
1030 1703 1299 1757 laudarunt
1323 1701 1558 1774 ,quando
1586 1717 1694 1773 opus
1722 1720 1817 1753 cx-

210 1779 317 1844 celfi
339 1779 487 1830 solem
515 1779 763 1833 viderunt.
792 1781 985 1834 Lustrat
1011 1778 1474 1850 hodiequeomnia‚
1494 1785 1546 1831 δε
1575 1778 1773 1830 illustrat
1786 1798 1815 1841 ,·

209 1858 446 1907 aeternum
466 1855 684 1925 pulcher,
707 1855 940 1910 omnibus
982 1854 1406 1925 pulchritudinem
1449 1858 1810 1907 communicat.

214 1934 297 1984 Ne
328 1929 447 2001 quid
487 1931 711 1985 benefico
740 1934 903 1987 cursui
930 1931 1167 1993 obstaret,
1197 1938 1348 1985 etiam
1366 1949 1450 2002 per
1476 1929 1632 1984 nubes
1649 1938 1702 1986 δε
1722 1948 1812 1983 ne-

213 2007 350 2060 bulas
374 2012 576 2060 invenit
597 2014 796 2062 virtute
823 2013 979 2062 viam.

381 2083 461 2138 Ad
489 2085 778 2158 tragoediam
806 2090 999 2145 invit0,
1037 2088 1119 2137 cui
1159 2083 1290 2136 nulla
1330 2082 1539 2136 fimilem
1582 2080 1812 2136 viderunt

214 2156 445 2211 Theatra.
526 2162 736 2214 Dabitur
762 2164 1003 2233 specstante
1034 2161 1166 2216 coelo
1185 2201 1199 2223 ‚
1227 2159 1392 2211 acrore
1417 2158 1659 2220 homine,
1703 2160 1810 2212 Au-

214 2235 356 2287 thore
382 2237 540 2290 DEO.
616 2239 834 2293 Protafin
874 2247 973 2313 agit
1023 2239 1138 2293 coeli
1177 2240 1460 2295 Dominus,
1502 2241 1582 2288 cui
1635 2235 1812 2297 subestae'

212 2310 459 2385 quidquid
503 2313 571 2367 est
595 2314 776 2387 aliquid
791 2338 817 2383 ,-
840 2324 921 2371 cui
945 2315 1103 2372 subest
1122 2354 1134 2372 ‚
1163 2310 1413 2386 quidquid
1439 2311 1656 2370 estnihil
1679 2330 1697 2380 3
1725 2316 1810 2382 qui

1081 2393 1130 2446 G
1177 2411 1198 2461 3
1623 2388 1808 2440 Domi-
