1988 2698
878 92 995 171 effi<
1030 96 1086 155 *1⁴
1120 90 1248 173 m&
1785 103 1881 165 m

269 219 1881 318 &ffiffiffifflffifflffiffiffiffiffiffiffl

359 528 521 588 Cribit
559 523 780 584 Maffeus
805 522 971 583 noster-
999 563 1014 588 ,
1066 523 1322 588 Cambaiae
1364 529 1415 578 in
1458 525 1754 598 amplissima
1792 527 1875 583 eia'

393 611 543 659 vitare
569 643 585 668 ‚
621 604 1182 666 nosocomium..avium
1225 602 1492 677 magnifice
1527 605 1873 665 exstruaum,

265 690 321 737 δε
346 688 524 736 annuis
553 679 872 754 vefflgalibus
898 679 1025 732 laute
1053 680 1298 741 dotatum¹
1317 700 1341 742 ,-
1368 685 1540 749 inquo
1569 680 1714 739 Picae,
1744 682 1869 748 Moq·

264 758 465 813 nedulae
486 797 500 821 ,
540 757 765 811 Phafiani
785 792 799 817 ,
827 755 1294 817 Pavonempfittaci
1312 795 1325 819 ,
1356 755 1574 809 morbidi
1601 792 1616 816 ,
1665 774 1726 809 ac
1762 759 1870 812 sau-

260 838 360 896 cii,
414 834 596 907 magna
646 832 762 885 cura
812 830 1092 906 studioque*
1125 831 1440 890 fovebantur.
1517 831 1709 886 Verum
1750 832 1870 888 licet

244 916 314 965 ’δι
357 910 580 964 medicus
608 947 624 971 ‚
656 916 710 967 δι
747 907 1002 968 medicina
1040 913 1233 981 xgrotis„
1263 909 1471 980 pretiosa
1509 907 1742 975 charitate
1774 908 1868 963 ad.

257 984 509 1039 hiberetur
543 1025 559 1049 ‚
610 981 806 1055 {emper
856 987 1094 1054 inquietas
1149 999 1327 1042 tamen·
1383 987 1599 1047 aviculas
1649 984 1865 1051 vidiffes.

254 1062 398 1134 Quid
436 1066 501 1115 ita
548 1066 573 1115 ?
635 1060 843 1115 Animal
885 1063 954 1115 est
999 1061 1228 1117 libertatis
1282 1078 1472 1115 amans.
1552 1061 1867 1131 captivitatis

254 1142 517 1210 impatiens
555 1176 569 1200 ,
604 1142 755 1190 etiam
793 1154 942 1189 aurea
981 1137 1180 1189 vincula
1212 1135 1524 1211 dedignatur.
1603 1137 1862 1209 Philome-

254 1215 354 1267 lam
386 1212 554 1284 dapfili
580 1252 594 1275 ,
623 1220 675 1267 &t
701 1217 839 1285 regio
865 1210 1043 1282 pabulo
1078 1211 1220 1266 domi
1257 1229 1350 1265 tuae
1390 1218 1567 1279 nutri.‚·
1592 1218 1861 1284 perniciter

250 1288 492 1349 avolabit,
535 1288 568 1341 fi
595 1291 672 1343 vel
694 1293 823 1341 rima
847 1303 1007 1359 pateat
1030 1306 1048 1357 3
1089 1307 1146 1342 ae
1166 1288 1448 1362 libertatem
1470 1291 1620 1364 eliget
1640 1328 1654 1352 ,
1692 1308 1859 1361 quan-

250 1370 436 1418 tumvis
499 1367 629 1437 frugi
701 1363 992 1425 viaitando.
1078 1365 1322 1419 Maximae
1370 1365 1488 1419 alias
1539 1365 1860 1440 admirationi

247 1442 319 1495 est
343 1480 356 1503 ‚
394 1439 532 1511 quod
565 1446 617 1492 in
645 1454 750 1493 tam
778 1441 893 1492 exili
931 1458 1138 1511 corpore
1174 1459 1274 1503 ‚vox
1315 1460 1421 1495 tam
1455 1444 1610 1496 suavis
1639 1442 1864 1515 hospite-

246 1531 329 1569 tur
357 1533 374 1583 3
415 1514 552 1586 quod
601 1533 761 1568 verno
802 1531 1030 1586 tempore
1058 1555 1071 1579 ,
1111 1516 1228 1570 cum
1261 1518 1456 1572 arbores
1477 1518 1762 1583 frondent,
1795 1537 1856 1575 ae

247 1590 412 1645 herbae
430 1588 1021 1663 pubescunt,quindeeim
1037 1592 1215 1647 diebus
1233 1593 1408 1664 perdiu
1422 1613 1481 1647 ae
1496 1613 1685 1668 pernoqt
1701 1597 1853 1669 liqui-

245 1666 464 1721 diffimos
496 1682 672 1721 cantus
696 1673 835 1726 tenui
850 1683 1046 1740 gutture
1070 1667 1297 1731 funditet.
1311 1670 1467 1725 Unde
1494 1675 1719 1724 enimin
1746 1677 1855 1725 avi-

245 1744 360 1796 cula
395 1758 497 1794 tam
527 1747 750 1814 pertinax
776 1743 964 1814 spiritus
1002 1755 1018 1799 ἓ
1056 1743 1210 1797 Unde
1248 1761 1347 1799 tam
1392 1750 1606 1819 perfeeto.
1647 1747 1856 1805 musices

245 1818 446 1870 scientia
464 1821 489 1870 ?
524 1817 660 1872 Tam
691 1820 945 1891 ingeniosa
958 1820 1276 1874 modulatio?
1302 1822 1433 1877 Tam
1461 1823 1621 1878 dulcis
1648 1824 1795 1879 sonus
1827 1837 1847 1882 ὲ

244 1896 351 1971 Qi
381 1891 756 1948 modbtrahitur
783 1899 835 1948 in
860 1896 1066 1968 longum
1092 1899 1251 1968 spiritu
1276 1906 1522 1953 continuo
1542 1918 1727 1965 5nunc
1756 1919 1850 1956 va·

242 1976 395 2024 riatur
423 1968 612 2030 inflexo
627 1992 653 2036 ,-
682 1987 823 2035 nunc
863 1970 1183 2043 distinquitur
1241 1976 1392 2028 inciso
1415 2016 1429 2040 ‚
1470 1979 1732 2047 copulatur
1762 1982 1847 2032 in-

241 2061 374 2099 tcvrto
398 2081 414 2107 ‚
444 2051 753 2116 ,promittitur
776 2062 1045 2103 revocato?
1083 2048 1243 2122 Qid,
1268 2049 1385 2105 cum
1402 2053 1633 2107 modulos
1673 2069 1846 2125 praetet

240 2126 533 2192 opinionem
594 2139 875 2177 commutat
911 2138 928 2179 ἓ
974 2126 1118 2197 Quid
1157 2165 1173 2189 ,
1235 2127 1377 2198 quod
1424 2134 1528 2197 jam
1593 2129 1797 2202 plenam
1816 2168 1839 2193 ,.

238 2215 441 2272 gravem
459 2232 476 2258 ‚
514 2213 710 2252 acutam
727 2238 742 2262 ,
777 2199 1031 2266 crebram,
1070 2204 1378 2259 contradiam
1406 2244 1420 2268 ,
1443 2204 1670 2259 diffusam
1687 2225 1712 2270 ‚·
1734 2215 1840 2275 jam

237 2289 546 2349 attenuatam
579 2311 596 2340 ,
627 2274 848 2351 inflatam
875 2315 892 2342 ‚
938 2277 1239 2408 l31ibtautem
1293 2317 1312 2358 2
1385 2281 1639 2357 summam
1664 2319 1682 2345 ‚
1724 2301 1838 2337 me-

1681 2357 1842 2425 diam,
