2075 2708
908 106 1282 179 ΘΞΕῊἙῊΞ*

312 223 1902 346 temneatemtffmtfflff

1044 541 1104 626 1.

370 748 448 766 00
542 756 589 774 ..,.„
645 777 653 788 -.
694 716 782 771 On
808 713 952 768 facile
978 708 1306 780 dixeris,plus
1328 708 1574 769 Coe10,an
1607 710 1734 759 mari
1753 706 1895 759 Mar·

338 799 376 839 2·
413 789 617 864 ffb*
735 799 890 868 garita
914 790 1103 844 debeat.
1212 789 1550 859 primogenita
1586 782 1688 836 haec
1723 785 1894 852 Nym·

492 860 658 895 ⁴
738 869 948 940 [harum
993 866 1204 918 nascitur
1240 868 1289 915 in
1343 865 1516 933 mari,·
1565 859 1893 913 educaturin

626 946 672 991 Χ
737 944 887 997 undis
909 965 934 1006 ;
960 942 1194 995 adolescit
1229 944 1280 991 in
1314 935 1579 999 fitzffibus5
1615 949 1894 988 maturatur

323 1021 355 1073 ἰ
386 1017 563 1036 ᾇ
629 997 673 1083 Jl
739 1026 867 1073 inter
897 1019 1192 1089 Delphinas.
1271 1016 1414 1068 Mate
1444 1032 1531 1084 pro
1567 1012 1746 1065 balneo
1770 1012 1892 1075 fuit,

739 1096 766 1149 ὲ
806 1115 908 1166 quo
945 1113 1197 1169 cygneum
1237 1100 1455 1159 corporis
1497 1092 1564 1142 sui
1613 1088 1891 1143 candorem

283 1174 477 1228 tetulit:
518 1171 666 1225 undis
702 1173 1006 1243 Crystallinis
1043 1171 1282 1223 illustrem
1311 1172 1504 1241 argenti
1534 1166 1601 1218 sui
1641 1166 1894 1239 fulgorem

281 1257 335 1304 in
360 1255 569 1318 acceptis
596 1248 768 1301 refert.-
808 1250 1029 1302 saltantes
1066 1248 1286 1317 procella:
1325 1241 1686 1317 conglobatum
1730 1248 1779 1293 in
1809 1259 1893 1293 or-

283 1327 399 1379 bern
425 1341 444 1387 t
482 1327 622 1378 salsus
651 1327 734 1377 sali
758 1327 921 1395 liquor
938 1323 1266 1377 consolidavit
1293 1327 1343 1374 in
1373 1338 1531 1372 unum
1557 1325 1610 1373 86
1628 1323 1891 1372 unionem.

281 1404 461 1456 Secura
488 1407 615 1454 inter
649 1400 892 1454 flustuum
930 1403 1189 1470 amplexus
1213 1398 1567 1452 circumfertur
1604 1412 1690 1466 per
1727 1412 1890 1456 mare,

283 1479 420 1551 quasi
448 1495 672 1530 nativum
703 1496 916 1550 regnum
938 1520 953 1540 ,
980 1485 1032 1531 δε
1057 1482 1111 1529 in
1139 1475 1336 1534 concha
1366 1476 1503 1526 velut
1545 1472 1733 1524 natatili
1773 1469 1890 1523 refi-

281 1555 368 1609 det
395 1554 592 1608 throno,
676 1557 742 1607 At
770 1554 978 1608 Coelum
1016 1558 1164 1605 etiam
1201 1567 1490 1624 argenteam
1533 1549 1666 1602 hanc
1707 1565 1888 1618 cyme-

283 1635 468 1685 liorum
509 1631 758 1685 Helenam
802 1631 885 1682 fibi
928 1628 1162 1682 vindicat.
1256 1631 1535 1699 Nunquam
1571 1629 1885 1695 concipitur,

283 1708 373 1761 nifi
400 1706 593 1759 concha
631 1706 796 1758 hiante
822 1724 910 1757 ote
939 1724 1103 1758 rorem
1130 1710 1434 1758 matutinum
1461 1707 1690 1773 excipiat.
1733 1703 1886 1754 Nun-

283 1802 439 1853 quam
467 1785 702 1839 nascitur‚
729 1781 815 1834 nisi
853 1797 1029 1834 natum
1063 1785 1112 1833 in
1146 1788 1258 1834 ae‘re
1294 1782 1459 1854 fulgur
1496 1795 1633 1832 tetrae
1669 1776 1888 1831 irradiet.

284 1860 566 1929 Nunquam
593 1858 761 1911 crescit
778 1896 793 1919 ,
816 1859 903 1910 nifi
941 1858 1053 1911 Sole
1074 1862 1266 1911 oriente
1293 1861 1495 1926 incipiat
1521 1857 1736 1913 crescere
1761 1853 1885 1916 dies,

282 1936 534 2008 Argentea
561 1938 705 1989 Luna
727 1935 920 1987 confert
950 1949 1211 2008 argentum
1229 1953 1255 1997 ‚·
1292 1932 1600 2004 splendentia
1637 1932 1760 1986 astra
1792 1935 1882 1982 tri-

282 2009 444 2063 buunt
468 2012 777 2079 splendorem
800 2031 821 2070 ‚-
857 2013 977 2064 clari
1012 2013 1219 2082 planeta:
1254 2014 1646 2063 communicant
1682 2008 1880 2061 clarita·

281 2103 384 2139 tem
401 2109 427 2149 ,·
465 2091 544 2139 via
572 2088 721 2140 laaea
743 2086 901 2140 donat
923 2086 1195 2142 candorem
1223 2109 1251 2151 ;
1289 2085 1651 2139 rotunditatem
1669 2085 1753 2137 dat
1767 2086 1880 2157 glo-

282 2162 373 2215 bus
399 2166 667 2232 Empyreus
687 2186 713 2227 ‚·
739 2171 790 2218 Sc
814 2164 996 2226 cred0‚
1015 2165 1309 2218 soliditatem
1333 2168 1439 2230 jure
1462 2161 1768 2215 haereditario
1789 2178 1875 2213 ac-

238 2238 248 2318 l
279 2245 464 2308 ciperet
490 2240 514 2291 a
545 2239 865 2293 firmamento
892 2279 907 2301 ,
938 2240 1026 2294 nifi
1057 2241 1302 2311 h'quidum
1331 2238 1463 2293 effet.
1544 2249 1608 2309 ξε
1657 2241 1755 2293 Vix
1791 2255 1874 2296 ca·

241 2321 245 2324 ’
280 2315 425 2371 lidius
461 2319 583 2371 olim
623 2324 838 2390 gemina:
872 2319 963 2373 illae
1000 2319 1188 2373 Matres
1218 2322 1271 2373 in
1304 2324 1443 2372 cutia
1474 2315 1754 2371 Salomonis
1788 2331 1878 2385 pro

1093 2394 1143 2448 A
1702 2390 1875 2445 infan-
