2029 2708
150 121 218 183 4⁶
771 124 898 191 ffl(
933 129 986 184 ›1‹
1023 123 1138 190 >3510

309 239 540 306 Dixifles‚
554 259 783 300 naturam
809 247 1031 302 Stanislai
1055 250 1107 301 in
1125 251 1344 304 Virtutes
1360 248 1598 318 tranfijil'e.
1634 253 1764 306 Nul-

143 318 190 373 la
214 321 265 372 in
279 336 341 372 eo
355 321 650 376 mediocris:
678 341 855 376 omnes
868 323 1007 377 fuere
1031 331 1327 380 eminentes.
1370 328 1655 381 Innocentia
1674 347 1760 398 pe-

143 413 210 449 ne
235 397 341 449 talis
374 395 494 457 suit,
511 415 622 468 quae
646 397 805 452 fuisset
829 401 1033 455 Adamo
1060 407 1343 456 innocente.
1427 402 1625 456 Indoles
1637 420 1756 466 etat,

143 471 282 544 quast
312 472 579 528 Columbae
608 473 709 530 fine
736 476 866 530 felle.
952 479 1130 531 Unum
1158 484 1367 533 unic-um
1391 478 1594 539 oderat,
1616 480 1754 551 quod

145 567 327 604 omnes
353 568 559 613 amant,
585 569 770 623 nempe
803 551 1087 628 dignitates.
1170 556 1383 610 Auditus
1412 558 1482 609 est
1522 556 1754 629 ingemis-

142 643 258 679 cere
284 626 595 690 identidem,
625 636 678 683 δε
700 630 870 684 secum
911 632 1013 701 ipso
1035 633 1346 704 expostulate
1384 655 1398 683 ,-
1437 634 1617 686 Infelix
1647 634 1753 685 Sta-

144 697 328 758 nislae!
369 706 426 757 Et
457 705 595 774 quod
619 704 740 760 inde
766 706 854 760 tibiv
888 708 1085 760 luctum
1124 748 1136 770 ,
1181 707 1213 759 fi
1250 708 1506 763 mundum
1555 710 1760 762 lucreris

145 782 468 834 universum?
497 782 683 852 Ampla
706 798 756 835 te
785 798 956 837 manet
983 784 1125 839 domi
1149 784 1410 838 haereditas
1423 807 1450 848 ,-
1468 785 1546 838 sed
1575 803 1755 856 quam-

144 853 232 910 diu
256 855 486 914 habebis?
528 857 841 929 Epulaberis,
880 859 1168 932 tripudiabis
1201 887 1214 913 ε
1267 870 1320 919 δε
1361 865 1607 932 quamdiu
1645 860 1753 915 haec

141 938 344 989 omnia?
385 934 636 1005 Equidem
665 936 895 1007 placeret,
918 946 971 994 &
1006 946 1190 1008 iapetet
1218 938 1322 991 haec
1350 936 1552 990 vivendi
1605 943 1760 998 tati0,

141 1008 303 1063 modo
316 1008 400 1062 diu
439 1011 630 1082 placete
652 1012 886 1083 possen&
920 1016 1099 1085 sapere.
1180 1015 1274 1069 Sed
1301 1018 1491 1067 irritant
1508 1014 1622 1074 ista,
1652 1032 1757 1067 non

143 1086 317 1141 satiant
338 1110 353 1140 .·
394 1089 648 1142 transeunt
674 1088 846 1152 citius,
871 1089 1026 1161 quiim
1057 1107 1304 1161 putentur.
1391 1090 1545 1143 Tanti
1585 1101 1761 1144 autem*

138 1167 386 1235 poenitere
415 1181 522 1217 non
549 1182 685 1219 emo.
765 1167 833 1219 At
860 1166 1018 1220 ardua
1052 1186 1126 1220 res
1142 1169 1211 1221 est
1242 1167 1349 1221 haec
1389 1171 1495 1218 vitae
1520 1170 1757 1220 mutatio:

139 1238 369 1297 Delicate*
397 1244 612 1295 nutritus
629 1260 707 1295 es.-
747 1244 941 1298 Contra
956 1243 1141 1298 assueta
1168 1243 1375 1298 tendere
1393 1240 1756 1296 difficillimum

139 1315 332 1372 accidit.
415 1320 609 1372 Verum
627 1317 677 1371 id
694 1318 906 1390 quidem
935 1322 1003 1375 est
1022 1341 1047 1382 ,-
1072 1320 1153 1373 sed
1175 1320 1367 1385 juvabit
1395 1324 1551 1372 locius
1568 1316 1755 1373 DEUSI

139 1397 314 1450 Latvae
342 1392 536 1449 tantum
554 1394 693 1455 sunt,
736 1396 918 1466 quibus
950 1398 1060 1451 Dea
1092 1399 1308 1467 Vfolupia
1337 1398 1470 1449 suam
1504 1394 1639 1467 quast
1671 1395 1754 1448 sti-

144 1470 231 1524 bio
256 1470 438 1524 faeiem
466 1470 628 1524 allinit
665 1508 682 1533 ,
722 1487 775 1524 ut
813 1490 953 1527 caecae
990 1474 1276 1527 mortalium
1313 1471 1481 1525 illudat
1514 1469 1750 1523 aviditati.

139 1551 384 1607 Humana
407 1547 618 1616 quidem
645 1553 819 1600 omnia
846 1549 912 1603 ad
928 1554 1187 1602 interitum
1209 1563 1504 1619 properant,
1541 1553 1594 1601 &
1631 1546 1755 1598 nihil

142 1629 360 1696 reperire
384 1623 484 1686 est,
511 1623 650 1695 quod
669 1623 837 1680 stabile
853 1624 940 1680 fit:
973 1629 1006 1691 ij
1045 1641 1212 1678 tamen
1250 1629 1491 1677 omnium
1529 1621 1751 1676 maxime

141 1702 462 1772 decipiuntur
476 1704 602 1771 ‚qui
629 1701 830 1754 morose
871 1700 1095 1755 laborant
1124 1741 1138 1764 ‚
1179 1720 1234 1754 ut
1287 1699 1619 1771 voluptatibus
1666 1697 1755 1751 diu

141 1780 240 1835 frui
264 1776 450 1848 ροίῖῑηῑ.Δ
533 1777 906 1831 Formofiffimae
932 1780 1109 1846 species
1132 1778 1360 1831 fulminis
1385 1778 1531 1830 instar
1557 1794 1617 1836 ex
1634 1792 1752 1827 ocu·

143 1858 200 1910 lis
224 1854 427 1908 avolant
438 1874 468 1917 ,·
496 1868 578 1905 aut
610 1853 642 1906 fi
669 1853 897 1924 quaedam
931 1854 1197 1909 simulacra
1229 1854 1408 1906 vitiosae
1448 1858 1605 1905 menti
1639 1849 1755 1903 infi-

142 1932 318 1992 deant,
365 1930 561 1984 molesti
587 1931 803 1984 lemures
831 1948 999 1989 erunt,
1033 1935 1331 1986 utetucient¹
1411 1931 1628 1982 Aurium
1645 1928 1760 1981 fua-

147 2016 269 2064 vitas
285 2045 304 2071 ‚
327 2013 380 2062 δι
405 2006 687 2060 Cantilenae
711 2012 937 2079 nequiter
960 2009 1120 2069 faustae,
1141 2005 1372 2078 exquisiti>
1390 2005 1569 2058 odores
1586 2043 1600 2067 ,
1625 2004 1758 2056 mol..

144 2088 289 2141 liores
315 2083 583 2154 corporum
609 2083 791 2142 castus,
823 2101 888 2137 an
928 2103 1033 2138 non
1065 2082 1191 2156 prius
1211 2097 1563 2141 evanuerunt,
1596 2080 1750 2152 quium

145 2161 351 2217 adfuisse
369 2174 641 2214 notentur?
680 2161 853 2214 Seleffi
871 2161 984 2218 cibi.
1011 2162 1284 2231 &pretiosa
1312 2165 1457 2219 vina,
1485 2176 1594 2228 quae
1633 2159 1752 2227 Api·

143 2245 274 2293 ciani
322 2237 433 2290 sunt
468 2242 611 2304 juris,
650 2243 735 2290 vix
757 2255 840 2307 per
867 2253 1034 2312 guttur
1076 2235 1462 2299 descenderunt,
1498 2242 1551 2289 δε
1587 2249 1759 2304 pra-‘ter

148 2317 373 2384 fumum,
399 2331 458 2369 ac
482 2322 710 2390 pituitam
746 2317 848 2381 jam
881 2313 1010 2373 nihil
1052 2320 1362 2389 relinquunt.
1438 2315 1569 2368 Scite
1601 2316 1762 2439 cupiti,

1627 2404 1714 2458 qui
