1988 2698
166 123 261 171 106
889 116 1006 188 ᾖε(
1037 123 1091 176 ffl
1124 116 1245 193 Ἐξ

161 257 263 315 que
289 236 544 302 elemento
583 239 878 312 profanatur
913 240 1248 294 santium-ium
1293 279 1307 302 ,
1345 239 1778 313 quolustrabatut'.

156 316 406 388 Liquelcit
430 317 646 388 lampas,
671 321 838 370 aeterni
880 316 988 369 solis
1023 317 1215 370 aemula.
1268 323 1379 382 Jam
1420 318 1543 372 nihii
1568 321 1660 381 est,
1688 320 1777 375 nist

159 395 349 464 lampas
396 413 501 446 una
534 431 550 454 ‚
584 410 746 448 totum
785 394 1049 465 templum.
1131 394 1354 446 Armillae
1385 433 1397 453 ,
1440 402 1494 450 &t
1545 396 1776 452 mundus

160 471 481 525 faeminarum
515 471 833 542 praedamur,
859 475 988 524 inter
1014 468 1443 525 incendiarium&
1479 472 1779 528 incendium

160 547 330 604 divisa.
409 546 665 601 Incumbit
693 548 855 618 spoliis
889 545 1131 636 praedator
1162 550 1289 620 ignis
1328 572 1342 601 :
1381 553 1779 632 quiavarusjux,
1829 589 1840 597 ,

164 639 214 677 ta
249 641 307 676 ac
329 622 566 697 prodigus
595 661 610 685 ,
653 623 905 696 quidquid
947 627 1072 694 rapit
1114 660 1130 682 ,
1170 640 1435 676 momento
1475 623 1716 698 decoquit
1752 649 1781 692 ,-

161 708 217 756 δε
241 701 476 753 alumnus
490 707 706 774 ingratus
723 703 942 754 alentem
957 698 1114 772 perdit
1127 705 1347 755 materia.
1358 703 1614 757 Accurrite
1630 707 1786 767 cives,

149 776 296 852 ferte
330 779 426 829 citi
441 776 650 849 fontes.
644 781 658 814 '

319 852 478 929 Qiod
507 871 602 926 ego
626 852 881 906 infinitum
898 856 1119 927 negavi,
1155 851 1224 914 ἒξξ
1302 852 1511 908 Posthac
1534 854 1777 909 coneedi-

164 911 215 983 te
236 928 538 1000 Philosophi.
592 931 752 984 Potest
782 946 885 1001 pars
912 947 1016 982 non
1043 928 1239 984 tantum
1265 932 1461 1001 aequalis
1485 929 1610 990 effe,
1628 931 1705 985 sed
1722 941 1778 987 δε

164 1010 330 1074 major
354 1006 440 1059 suo
467 1021 588 1068 toto
666 1007 812 1061 Exilis
836 1005 1194 1059 STAleLAI
1238 1023 1399 1078 portio
1413 1021 1516 1058 toto
1539 1007 1779 1062 Stanislao

161 1084 234 1138 est
261 1089 439 1151 major.
514 1081 722 1146 Modica
749 1101 858 1154 pars
884 1087 1103 1154 corporis
1127 1100 1216 1137 cor
1239 1083 1310 1137 est
1335 1120 1350 1143 ,
1375 1090 1427 1136 δε
1457 1083 1635 1138 mundi
1667 1103 1778 1154 per-

165 1160 319 1214 ticula
347 1178 365 1229 3
393 1176 442 1212 at
464 1164 604 1213 enim
632 1158 774 1213 cordi
796 1160 1013 1213 Stanisiai
1037 1160 1139 1230 ipse
1166 1159 1394 1213 mundus
1421 1175 1653 1213 votorum
1670 1179 1781 1231 par.

162 1237 316 1290 ticula
341 1237 428 1296 est.
509 1236 746 1290 Admittit
778 1239 958 1288 omnia
983 1274 998 1296 ,
1027 1254 1125 1289 nec
1158 1237 1394 1308 impletur
1418 1258 1431 1289 ε
1458 1237 1565 1306 post
1594 1255 1775 1290 omnes

163 1312 417 1367 thesauros
442 1312 613 1367 adhue
644 1330 854 1366 avarum
877 1347 895 1373 ‚
927 1312 1035 1381 post
1058 1330 1238 1365 omnes
1262 1312 1472 1366 delicias'
1488 1311 1653 1365 adhuc
1668 1318 1776 1364 avi-

162 1389 329 1452 dum,
351 1391 457 1462 post
478 1393 714 1442 omnium
753 1386 1011 1441 bonorum
1035 1393 1231 1459 copiam
1259 1387 1427 1443 adhue
1449 1405 1670 1462 egenum
1694 1390 1783 1444 est·

165 1471 316 1522 etiam
345 1485 464 1519 cum
495 1467 699 1538 pienum
732 1465 849 1525 est,
887 1482 1105 1517 vacuum
1141 1481 1326 1518 manet.
1405 1466 1462 1518 O
1489 1464 1778 1536 amplitudi-

165 1561 290 1598 nem
316 1541 498 1602 cordis,
512 1544 754 1613 aequalem
779 1538 1100 1612 amplitudini
1121 1543 1237 1596 DEI
1272 1535 1640 1597 lMeditabatur
1668 1543 1778 1595 An-

166 1620 401 1711 gustinns
423 1620 718 1689 mysterium
733 1618 1020 1677 Trinitatis,
1044 1625 1096 1672 &t
1132 1616 1306 1676 audaci
1334 1622 1636 1689 cogitatione
1658 1635 1720 1669 eo
1733 1637 1777 1669 1-

164 1698 281 1755 bat‚
309 1695 413 1768 quo
436 1700 508 1748 ire
540 1695 740 1748 homini
774 1712 879 1747 non
921 1694 1049 1745 licet.
1096 1692 1220 1748 Risit
1267 1696 1490 1766 Angelus
1514 1711 1635 1763 puer
1667 1695 1778 1746 Do-

167 1773 361 1827 storem
401 1773 613 1835 senem,
650 1780 703 1827 δι
743 1769 976 1824 fossulam
1012 1768 1282 1831 ostendit,
1311 1774 1363 1822 in
1392 1787 1547 1839 quarn
1575 1766 1703 1842 prius
1730 1769 1778 1822 se

170 1864 337 1904 totum
364 1866 615 1903 oceanum
642 1849 774 1904 dixit
796 1847 1145 1900 derivaturum
1181 1885 1198 1909 ‚
1220 1863 1373 1916 quam
1406 1847 1779 1920 Augustinusin

165 1926 217 1982 se
243 1941 409 1980 totum
434 1923 732 1979 derivaverit
754 1925 978 1978 DEUM.
1059 1925 1280 1998 Agnovit
1302 1940 1523 1975 errorem
1541 1921 1777 1994 Augusti-

169 2021 266 2058 nus
288 2042 304 2065 ,
325 2000 493 2056 claufit
517 2006 776 2076 ingenium
799 2038 815 2062 ,
842 2008 897 2056 δε
922 2018 1012 2053 cor
1033 2004 1241 2071 aperuit.
1319 2000 1419 2055 Res
1459 2003 1586 2054 mira
1614 2003 1633 2050 !
1666 1999 1774 2050 Sta-

168 2084 262 2134 tim
292 2095 455 2132 tetum
480 2083 677 2150 excepit
709 2079 941 2134 DEUM.
1018 2079 1252 2147 Sequitur>
1272 2090 1466 2131 tantum
1497 2076 1775 2130 Dostorem

170 2152 444 2224 discipulus
480 2155 753 2209 StanisIaus.
836 2153 1047 2229 Qod
1025 2174 1053 2207 a
1092 2154 1237 2208 DEO
1267 2168 1519 2225 acceperat
1541 2171 1654 2212 cor,
1681 2154 1774 2203 vix

170 2234 319 2309 DEO
345 2234 550 2286 restituit
572 2269 587 2295 ,
610 2233 787 2304 plenus
809 2233 956 2288 DEO
977 2229 1205 2294 inceffit‚
1227 2236 1279 2284 δι
1305 2231 1568 2285 immersus
1590 2228 1773 2283 divinis

170 2306 370 2366 animus
404 2308 611 2386 posthac
645 2306 712 2367 ad
753 2325 914 2366 creata
949 2325 1210 2384 emergere
1229 2325 1333 2361 non
1367 2310 1544 2381 potuit.
1621 2298 1777 2360 Haud

1675 2384 1776 2432 im-
