1988 2698
825 117 1200 187 ffi<fflffle

354 547 612 607 Hinensos,
643 545 811 618 populi
849 544 1057 618 gentiles
1090 582 1104 606 ,
1158 542 1448 598 Caelestium
1486 545 1686 605 inanes,
1721 542 1832 601 illos

387 623 576 694 Sophos
598 622 805 675 summis
832 620 1105 674 honoribus
1133 620 1515 690 prosequuntur,
1539 624 1623 691 qui
1654 619 1823 672 homi-

216 705 290 760 nis
316 699 744 751 immortalitatem
775 695 926 768 quam
955 694 1285 749 efficaciffime
1309 695 1538 767 probare,
1569 702 1623 750 δε
1641 700 1689 747 in
1713 695 1824 766 spe-

216 780 348 828 ciem
391 772 671 827 solidiffime
720 774 955 828 videntur
998 774 1229 827 astruere.
1307 775 1415 828 Hos
1454 777 1579 823 inter
1602 786 1823 842 repertus

212 849 300 908 est,
329 853 435 922 qui,
463 864 517 904 ut
530 868 653 925 regis
673 856 880 923 gratiam
910 865 1267 919 aucuparetur,
1289 857 1342 904 δε
1371 854 1546 920 ingens
1570 845 1826 902 mendacii

215 927 463 980 minerval
490 927 707 988 referret,
731 925 917 980 temere
945 926 1189 995 imposuit,
1217 924 1454 978 indefesso
1478 926 1521 976 se
1536 921 1825 977 studiotan-

214 1001 333 1056 dem
363 1016 538 1074 potum
572 1005 954 1056 immortalitatis
975 1000 1297 1054 adinvenisse.
1400 1003 1551 1056 Hanc
1585 997 1822 1052 diviniss-

215 1096 354 1131 mam
380 1084 639 1147 potionem
663 1096 780 1132 cum
797 1081 906 1134 Rex
934 1077 1212 1130 avidiffimt}
1242 1078 1561 1148 exposceret,
1602 1094 1631 1127 e
1656 1079 1824 1146 primis

213 1156 336 1207 aula:
368 1154 651 1224 proceribus
674 1154 878 1224 quidam
915 1159 966 1206 in
983 1152 1193 1205 abacum
1226 1154 1445 1212 involat,
1477 1153 1713 1222 poculum
1739 1169 1819 1205 ar-

210 1234 340 1300 ripit,
371 1237 423 1285 δε
453 1231 637 1284 bonam
671 1229 1013 1301 amystideme
1038 1244 1154 1299 potu
1185 1230 1574 1283 immortalitatis
1600 1225 1815 1298 sibipro-

210 1311 364 1377 pinar,
442 1307 616 1379 Agitur
645 1312 696 1358 in
726 1307 949 1360 furorem
977 1310 1217 1376 princeps.
1248 1309 1304 1361 Et
1329 1306 1409 1358 abs
1439 1322 1578 1358 mora
1606 1302 1818 1356 obtrun-

211 1386 314 1434 cari
342 1380 582 1436 debuerat
617 1384 841 1443 Aulicus,
866 1382 920 1434 ni
945 1395 1285 1452 opportunum
1324 1381 1420 1433 hoc
1460 1380 1706 1434 dilemma
1727 1397 1818 1450 pro

159 1457 162 1459 ’
207 1458 384 1528 clypeo
405 1457 686 1512 obiecisset:
723 1459 913 1512 Frustra
929 1464 980 1510 in
1000 1459 1044 1510 se
1059 1457 1248 1529 gladios
1276 1461 1511 1510 intentari
1546 1493 1562 1517 ,
1620 1456 1652 1507 fi
1679 1460 1816 1526 potio

208 1530 314 1586 haec
339 1536 646 1588 immortales
661 1534 892 1590 redderet
919 1555 933 1587 t
1013 1532 1109 1585 hac
1135 1538 1314 1586 virtute
1341 1533 1563 1595 ficareat‚
1593 1531 1676 1585 fibi
1692 1549 1812 1603 prae-

205 1614 369 1662 mium
385 1608 569 1671 deberi,
587 1610 726 1681 quod
749 1614 848 1682 ipse
863 1627 957 1680 prae
974 1627 1088 1681 rege
1117 1608 1282 1681 decipi
1308 1610 1552 1663 maluerit.
1631 1609 1813 1681 Agno-

204 1689 273 1736 vit
300 1702 519 1738 errorem
548 1686 807 1757 Princeps,
833 1695 885 1741 δῐ.
909 1687 1176 1739 mortalem
1204 1688 1251 1739 se
1290 1684 1500 1760 credidit
1528 1721 1543 1743 ,
1590 1689 1677 1754 qui
1703 1684 1810 1736 aliis

202 1774 304 1813 tam
361 1761 505 1814 facile
541 1778 756 1815 mortem
827 1762 1139 1822 decerneret
1254 1764 1309 1816 Et
1361 1758 1480 1814 vero
1519 1777 1656 1813 vanae
1696 1758 1809 1812 sunt

196 1834 362 1889 herbae
401 1836 614 1892 medica:
654 1874 670 1898 ,
745 1856 939 1892 vanum
1014 1855 1194 1891 aurum
1274 1837 1487 1909 potabile
1537 1873 1553 1895 ‚
1634 1835 1666 1887 fi
1705 1841 1806 1888 im-

199 1912 552 1967 mortalitatem
615 1912 733 1968 inde
786 1916 959 1985 speres.
1064 1917 1128 1967 Ea
1179 1915 1289 1986 lege
1337 1918 1545 1985 quisque
1572 1914 1804 1973 nascitur,

200 1988 574 2052 utdenascatur,
653 1991 823 2062 Quod
857 1992 887 2044 si
908 2006 1076 2044 tamen
1103 1995 1155 2043 in
1184 1992 1384 2043 taberna
1399 1988 1808 2059 pharmaceutica

199 2063 439 2134 frequens
476 2073 725 2120 mercium
753 2069 1034 2122 instituatur
1062 2067 1280 2119 lustratio
1319 2084 1343 2127 ,·
1395 2066 1706 2118 Abiieiantur
1729 2063 1803 2117 fa-

201 2152 284 2192 tua
317 2156 539 2195 aromata
565 2182 579 2203 ,
623 2151 676 2197 &1
713 2161 844 2197 nova
885 2143 1100 2196 herbain
1128 2144 1297 2194 succos
1326 2140 1561 2200 medicos,
1586 2148 1665 2193 trit
1670 2157 1799 2203 uras,

194 2216 450 2286 pulveres,
476 2221 715 2290 pastillos,
748 2220 1181 2352 trochtleKs‚varia
1206 2233 1461 2294 unguenta
1494 2224 1547 2273 δι
1575 2218 1800 2347 Βαὶίῗφὲ

1051 2315 1074 2368 3
1702 2308 1766 2347 cit
