2044 2698
182 130 269 201 εί,
805 103 936 182 Μ’(
968 118 1023 176 ›1‹
1059 113 1175 197 Μ

179 257 247 296 tas
275 237 553 295 numinum·
585 227 659 294 est
685 234 936 313 pluralitas
976 243 1296 303 numinum·
1333 243 1499 300 unitas
1540 243 1692 307 DEI
1703 247 1799 303 est
1875 311 1878 313 ,

177 322 354 374 veritas
384 317 512 372 DEI.
710 353 716 358 -

348 392 510 463 Quod
537 390 973 463 Philosophamut‚
999 391 1098 447 hoc
1125 398 1280 454 vivit‚·
1302 393 1439 464 quod
1470 394 1798 466 speculamur,

181 470 285 526 hoc
310 477 454 545 agit·
426 510 448 536 ,
480 469 621 540 quod
649 467 989 540 profitemur,
1020 469 1120 523 hoc
1157 470 1274 540 sapit
1304 471 1353 523 St
1358 474 1581 525 anislaus.
1662 473 1798 527 Illius

183 553 285 602 vita
313 566 431 601 vera
455 548 525 600 est
551 546 894 616 Philosophia,·
917 552 1034 617 quia
1056 535 1194 602 idem
1220 548 1411 618 semper
1441 551 1624 619 putavit
1659 553 1798 603 vive-

181 642 252 686 re,
278 632 333 681 δε
363 624 543 695 sapere.
621 624 835 690 Brevem
869 639 1064 677 aetatem
1106 624 1322 684 visturus
1343 664 1355 685 ,
1380 625 1611 679 extendit
1642 644 1801 679 annos

183 699 467 758 virtutibus,
496 706 550 754 δε
580 700 740 754 statim
769 688 877 754 talis
891 699 986 753 fuit
1004 737 1019 759 ,
1045 701 1204 772 qualis
1230 717 1331 753 erat
1356 701 1552 754 futurus
1578 719 1596 770 3
1634 720 1699 755 ne
1727 702 1800 756 sa-

182 782 370 850 pientia
411 775 608 830 brevior
639 776 756 829 esset
786 815 800 839 ,
849 774 1004 849 quiam
1034 782 1148 838 vita,
1230 776 1345 830 Imo
1389 795 1577 831 novam
1606 783 1800 832 invenit

182 872 344 908 artem
381 851 602 925 sapiendi
634 891 651 914 ‚
687 870 841 924 quam
883 855 979 925 ipsa
1010 854 1242 925 sapientia
1276 849 1532 915 nesciebat,
1610 856 1802 909 flatte-

183 949 281 985 nus
307 932 447 984 aliter
475 929 722 1002 sapiebant
759 930 947 987 coelites
981 966 997 991 ,
1033 932 1172 984 aliter
1215 930 1462 983 homines
1543 931 1802 984 Conflavit

183 1025 250 1062 ex
280 1006 473 1061 duabus
507 1008 751 1077 sapientijs
781 1024 973 1069 unam,
1012 1005 1067 1062 &i
1109 1008 1225 1059 fecit
1263 1005 1347 1058 fibi
1388 1012 1652 1079 propriam
1733 1011 1803 1063 Ex

185 1089 354 1158 ptimo
383 1084 633 1155 Principio
657 1088 866 1142 omnia,
896 1088 946 1135 in
973 1083 1210 1136 omnibus
1238 1087 1464 1152 primum
1493 1083 1802 1154 Principium

186 1150 381 1218 didicit.
484 1162 819 1233 Interrogatus
866 1160 1139 1230 aliquando
1186 1160 1377 1214 Dotstor
1410 1160 1694 1231 Serapi-nicus
1740 1160 1804 1213 ab

185 1238 461 1314 Angelum,
492 1255 575 1290 cui
591 1236 715 1289 libro
730 1235 975 1292 studeret.>
1013 1236 1250 1291 Ostendit
1277 1234 1639 1307 pendentem
1612 1257 1639 1289 e
1669 1237 1804 1291 Cru-

188 1335 249 1371 ee
275 1316 542 1368 hominem
574 1313 1079 1369 DEUM.111ustris
1114 1312 1256 1374 liber,
1276 1314 1474 1384 scriptus
1502 1319 1701 1367 intus&
1727 1311 1805 1365 fo·-

192 1383 285 1447 tis!
326 1393 481 1447 Hune
503 1389 662 1461 ipsum
692 1389 879 1443 librum
912 1387 1247 1444 meditabatur
1274 1389 1566 1455 Stanislaus‚
1597 1407 1691 1443 nec
1715 1390 1804 1441 aii-

192 1469 338 1524 unde
376 1504 392 1528 ,
434 1465 523 1519 nifi
562 1485 589 1517 a
615 1467 760 1520 DEO
791 1466 991 1520 haurire
1016 1472 1202 1537 potuit,
1227 1484 1341 1537 quae
1365 1465 1429 1519 de
1454 1467 1597 1520 DEO
1626 1471 1678 1518 in
1698 1466 1806 1517 col·

191 1547 373 1620 loquiis
400 1542 639 1597 subtiliter
665 1542 819 1603 dixit,
854 1561 966 1614 qux
997 1547 1049 1594 in
1075 1542 1250 1595 scholis
1286 1540 1480 1595 erudite
1512 1543 1807 1613 composuit.

191 1617 393 1679 Breviff
400 1640 488 1673 mo
509 1635 735 1689 tempore
751 1624 803 1672 in
819 1619 916 1674 hoc
947 1638 1054 1671 uno
1078 1617 1435 1678 libroinvenit,
1461 1637 1573 1690 quae
1598 1621 1679 1687 alij
1695 1620 1807 1672 lon..

193 1699 430 1775 giffirno
417 1716 469 1749 m
498 1695 716 1768 pluribus
735 1715 836 1749 non
863 1695 1104 1766 reperere.
1184 1695 1366 1748 Parum
1382 1694 1551 1763 adhuc
1565 1694 1703 1769 dix13
1718 1713 1808 1748 eo.

197 1776 324 1831 dem
358 1790 587 1844 ternpore
628 1773 892 1845 discipulus
917 1780 969 1827 δε
1009 1772 1248 1845 Magister
1287 1774 1408 1824 fuit:
1441 1771 1613 1825 docuit
1665 1776 1808 1825 enim

198 1857 436 1910 virtutes,
469 1851 599 1902 dum
633 1851 791 1902 literas
827 1850 1020 1904 didicit.
1101 1849 1227 1903 M211·
1256 1866 1418 1901 mores
1456 1847 1612 1901 bonos
1646 1865 1812 1900 mores

199 1928 494 1984 infecerant.
521 1926 739 1980 AEtatem
758 1931 885 1979 vitiis
903 1941 1265 1980 anteverterant
1293 1926 1524 1979 homines
1541 1962 1556 1986 ,
1575 1923 1812 1980 nondum

201 2010 325 2065 viri,
353 2011 448 2075 jam
480 2003 643 2057 Patres
657 2025 683 2068 ,·
714 2002 948 2056 nondum
984 2001 1169 2062 adniti,
1194 2007 1297 2074 jam
1331 2003 1559 2055 aduiteri.
1648 2003 1810 2072 Argu-

202 2096 442 2137 mentum
469 2078 801 2133 deformitatis
824 2094 928 2132 erat
953 2080 1222 2151 pudicitia,
1235 2097 1336 2132 non
1368 2079 1613 2149 pudicitiae
1647 2078 1810 2133 desor-

206 2164 365 2211 mitas.
449 2158 585 2210 Fene
612 2176 741 2210 unus
762 2161 812 2210 in
844 2175 1040 2228 corrup:
1030 2176 1079 2234 o
1109 2156 1283 2210 saeeulo
1318 2160 1350 2207 i
1359 2172 1483 2230 ssrtcg·
1492 2175 1510 2207 r
1539 2154 1636 2208 esse
1673 2153 1816 2206 ausus

209 2234 512 2288 Srmisiaus·
490 2268 506 2294 ,
535 2242 585 2287 &
613 2251 736 2304 quos
764 2239 815 2286 in
833 2234 1036 2301 scientijs
1064 2254 1270 2291 cooevos
1291 2234 1464 2292 tractu.»
1486 2234 1585 2299 est,
1602 2229 1814 2285 habebat

208 2311 410 2367 suarum
441 2316 683 2367 virtutum
707 2307 985 2386 discipulos-

727 2409 730 2411 ·
1742 2385 1815 2440 Ex
