1988 2698
882 103 936 159 ›1‹
967 98 1025 160 Ρ
1678 116 1753 165 14

659 373 750 460 X
769 373 857 459 X
874 373 961 458 X
981 375 1066 458 V
1084 372 1120 458 1
1141 374 1194 457 I·

264 537 434 593 Citum
466 537 676 607 aenigrna
701 531 1011 587 suburbanus
1028 532 1109 585 ille
1125 530 1312 585 villicus
1326 532 1574 605 proposuit
1589 570 1603 594 ‚
1617 542 1781 605 quam

295 613 366 667 do
390 610 516 665 dixit
545 633 570 679 ‚-
610 615 842 684 optimum
868 610 1059 682 lignum
1097 627 1198 661 non
1238 609 1357 662 caea‘i
1386 630 1402 661 .-
1436 614 1672 682 optimum
1681 611 1781 683 fla-

171 709 275 743 rem
301 706 400 742 non
424 690 562 761 cytrpi
593 690 863 760 :optimam
910 685 1159 737 volucrem
1208 686 1336 737 nudo
1390 689 1546 752 jaculo
1593 687 1776 758 feriri.

169 767 331 820 Etiam
382 763 694 833 peritioribus
739 765 1060 835 peregrinum
1106 760 1207 813 hoc
1244 780 1302 814 ac
1339 764 1649 832 paradoxum
1702 767 1775 820 est

167 841 353 893 visum.-
379 838 586 893 tandem
624 837 840 894 dubium
880 842 1069 891 exemit
1122 836 1216 888 hac
1255 838 1547 909 paraphrasi.
1625 840 1775 909 Opti-

165 934 309 969 mum
341 916 534 989 lignum
566 955 580 978 ‚
618 920 756 976 vitiS,
796 931 902 967 non
936 917 1158 970 caeditur.
1236 915 1476 983 Optimus
1500 915 1593 969 flos
1622 951 1638 978 ‚
1661 915 1772 969 fru-

163 1007 419 1052 mentum,
449 1008 552 1044 non
569 996 801 1063 carpitur.
876 991 1145 1060 Optimam
1169 990 1453 1054 volucrem,
1489 1009 1655 1062 apem,
1679 1011 1773 1046 ne-

161 1086 251 1122 mo
272 1068 526 1135 jaculatur.
608 1068 719 1120 Plus
747 1067 869 1120 dicit
906 1068 1090 1119 Orator
1126 1085 1338 1125 aureus:
1377 1068 1499 1140 quid
1534 1066 1770 1135 abjcCtius

161 1158 295 1214 ape?
336 1143 392 1197 Et
418 1141 540 1213 quid
583 1144 785 1197 Pavone
822 1143 1071 1212 pulchrius
1107 1155 1122 1196 .>
1164 1144 1287 1195 Uter
1319 1159 1490 1198 autem
1535 1147 1767 1216 praestan-

156 1224 256 1271 tior
289 1225 314 1272 ,Ρ
356 1216 541 1289 Apisne
562 1257 576 1279 ,
629 1237 691 1272 an
715 1219 847 1272 Pavo
872 1232 887 1272 ?
929 1220 1051 1271 Non
1066 1217 1282 1273 dubium
1306 1256 1321 1280 ‚
1341 1222 1620 1293 quinApis.
1673 1223 1766 1277 Pa..

159 1313 344 1347 vonern
389 1294 455 1348 de
493 1294 665 1348 modio
704 1295 861 1354 tolle,'
906 1294 1029 1347 nihil
1057 1295 1347 1348 detrimenti
1370 1298 1605 1359 attuleris,
1686 1301 1761 1352 A-

150 1389 274 1442 rpem
325 1370 387 1424 de
440 1368 612 1424 medio
661 1372 780 1423 tolle
806 1409 820 1432 ‚
859 1377 913 1425 δε
967 1372 1193 1425 sustulisti
1245 1371 1604 1443 sapidiffimum
1633 1375 1762 1432 illud

156 1448 259 1499 mel
289 1486 301 1507 ,
340 1466 442 1519 quo
482 1462 554 1498 tot
589 1447 682 1499 cibi
723 1445 1042 1499 condiuntur
1073 1486 1088 1509 ,
1169 1462 1240 1499 tot
1285 1453 1403 1522 agri
1451 1449 1758 1506 reficiuntur.

154 1523 809 1577 Sustulisticandidiffimam
829 1523 962 1575 illam
990 1540 1154 1576 ceram
1186 1561 1200 1584 ‚
1238 1541 1344 1594 quo
1374 1527 1576 1598 Regum
1607 1546 1759 1582 men-

156 1598 215 1650 sae
237 1634 252 1657 ,
294 1608 346 1654 δι
374 1601 622 1652 Divorutn
650 1617 741 1652 arae
771 1599 1037 1652 collucent.
1120 1602 1223 1673 Ego
1262 1601 1370 1668 plus
1406 1602 1527 1654 illud
1555 1609 1711 1657 miror
1736 1642 1754 1668 ,

153 1673 291 1745 quod
324 1677 457 1744 Apis,
484 1676 672 1727 animal
698 1676 1136 1744 perexcellentiarn
1167 1694 1347 1747 purum
1365 1713 1380 1736 ‚
1420 1677 1563 1739 flores
1578 1680 1754 1744 vifitet.

154 1767 258 1802 non
289 1754 425 1802 vitiet
452 1767 469 1816 3
497 1751 592 1803 lilia
616 1749 802 1804 delibet
827 1788 843 1810 ‚
881 1750 967 1804 sed
999 1751 1177 1805 illibate
1200 1773 1227 1816 ‚·
1265 1758 1392 1805 inter
1423 1756 1574 1808 violas
1608 1773 1749 1830 agat,

151 1825 235 1878 sed
265 1825 516 1879 inviolate.
567 1825 821 1880 Caeterum
845 1831 1026 1898 primas
1049 1828 1144 1880 fert
1176 1827 1362 1881 fabrica
1391 1869 1407 1893 ‚
1446 1830 1745 1901 respublica,

150 1909 201 1956 &
229 1907 517 1956 oeconomia
534 1904 721 1974 Apum,
774 1902 1264 1958 Hancfioonfideres
1291 1942 1305 1964 ,
1344 1904 1502 1979 magis
1532 1909 1751 1964 mirabe-

149 1997 199 2031 re
228 2016 242 2036 ,
290 1978 439 2049 quam
461 1981 654 2051 Regina
669 1978 792 2032 Saba
819 1979 1096 2033 Salomonis
1137 1982 1398 2035 familiam.
1476 1983 1629 2037 Certe
1668 1987 1746 2040 A-

146 2055 309 2124 picula
340 2060 388 2106 in
417 2052 502 2108 suo
529 2054 783 2108 mellificio
810 2055 960 2130 longe
996 2059 1182 2128 superat
1211 2058 1532 2111 Salomonem
1583 2065 1633 2112 in
1664 2063 1745 2114 [ο-

148 2132 227 2183 lio.
255 2132 452 2182 Omnes
465 2132 600 2184 ccllae
618 2132 898 2205 sexangulae
915 2133 1038 2194 sunt,
1055 2135 1321 2205 &aequalia
1337 2136 1484 2187 latera
1508 2134 1693 2189 habent
1706 2158 1738 2202 ‚·

147 2203 644 2260 madeoGeometriae
659 2207 960 2280 peritiffimas
971 2213 1205 2264 crederes.
1289 2212 1414 2265 Tres
1429 2217 1573 2282 primi
1584 2215 1745 2266 cellua

140 2281 302 2336 larum
336 2278 539 2336 ordines
564 2284 915 2357 relinquuntur
954 2291 1125 2341 inanes
1152 2321 1171 2351 ,
1200 2305 1268 2343 ne
1291 2293 1343 2342 in
1373 2303 1609 2362 promptu
1638 2288 1692 2341 fit
1717 2325 1733 2348 ‚

841 2359 893 2414 T
1593 2362 1731 2439 quod
