<?xml version="1.0" encoding="UTF-8"?>
<!DOCTYPE html PUBLIC "-//W3C//DTD XHTML 1.0 Transitional//EN"
    "http://www.w3.org/TR/xhtml1/DTD/xhtml1-transitional.dtd">
<html xmlns="http://www.w3.org/1999/xhtml" xml:lang="en" lang="en">
 <head>
  <title>
</title>
<meta http-equiv="Content-Type" content="text/html;charset=utf-8" />
  <meta name='ocr-system' content='tesseract 3.04.00' />
  <meta name='ocr-capabilities' content='ocr_page ocr_carea ocr_par ocr_line ocrx_word'/>
</head>
<body>
  <div class='ocr_page' id='page_1' title='image "./philosophiasacra00zetlp_0020.png"; bbox 0 0 2044 2698; ppageno 0'>
   <div class='ocr_carea' id='block_1_1' title="bbox 158 117 1142 186">
    <p class='ocr_par' dir='ltr' id='par_1_1' title="bbox 158 117 1142 186">
     <span class='ocr_line' id='line_1_1' title="bbox 158 117 1142 186; baseline 0.007 -9"><span class='ocrx_word' id='word_1_1' title='bbox 158 127 196 177; x_wconf 75' lang='lat'>4</span> <span class='ocrx_word' id='word_1_2' title='bbox 774 117 1142 186; x_wconf 53' lang='lat' dir='ltr'>ffl(ffi)3ffi</span> 
     </span>
    </p>
   </div>
   <div class='ocr_carea' id='block_1_2' title="bbox 151 233 1769 2234">
    <p class='ocr_par' dir='ltr' id='par_1_2' title="bbox 151 233 1769 2234">
     <span class='ocr_line' id='line_1_2' title="bbox 161 233 1769 314; baseline 0.004 -22"><span class='ocrx_word' id='word_1_3' title='bbox 161 233 510 292; x_wconf 76' lang='lat' dir='ltr'>commodavit</span> <span class='ocrx_word' id='word_1_4' title='bbox 531 234 773 310; x_wconf 80' lang='lat' dir='ltr'>operam3</span> <span class='ocrx_word' id='word_1_5' title='bbox 811 240 951 314; x_wconf 88' lang='lat' dir='ltr'>quod</span> <span class='ocrx_word' id='word_1_6' title='bbox 975 259 1095 295; x_wconf 89' lang='lat' dir='ltr'>eum</span> <span class='ocrx_word' id='word_1_7' title='bbox 1124 245 1176 294; x_wconf 86' lang='lat' dir='ltr'>in</span> <span class='ocrx_word' id='word_1_8' title='bbox 1201 240 1355 297; x_wconf 83' lang='lat' dir='ltr'>finem</span> <span class='ocrx_word' id='word_1_9' title='bbox 1393 241 1591 298; x_wconf 87' lang='lat' dir='ltr'>effinxit</span> <span class='ocrx_word' id='word_1_10' title='bbox 1616 262 1769 299; x_wconf 81' lang='lat' dir='ltr'>aceu-</span> 
     </span>
     <span class='ocr_line' id='line_1_3' title="bbox 159 313 1769 387; baseline 0.006 -21"><span class='ocrx_word' id='word_1_11' title='bbox 159 313 309 367; x_wconf 72' lang='lat' dir='ltr'>ratius</span> <span class='ocrx_word' id='word_1_12' title='bbox 330 351 345 374; x_wconf 89' lang='lat'>‚</span> <span class='ocrx_word' id='word_1_13' title='bbox 369 323 563 371; x_wconf 88' lang='lat' dir='ltr'>ornavit</span> <span class='ocrx_word' id='word_1_14' title='bbox 589 317 857 387; x_wconf 73' lang='grc' dir='ltr'>σορῐοίῐὰς,</span> <span class='ocrx_word' id='word_1_15' title='bbox 894 317 1071 372; x_wconf 77' lang='lat' dir='ltr'>ditavit</span> <span class='ocrx_word' id='word_1_16' title='bbox 1094 319 1364 382; x_wconf 71' lang='lat' dir='ltr'>liberalius,</span> <span class='ocrx_word' id='word_1_17' title='bbox 1395 337 1450 374; x_wconf 87' lang='lat' dir='ltr'>ut</span> <span class='ocrx_word' id='word_1_18' title='bbox 1485 321 1769 378; x_wconf 86' lang='lat' dir='ltr'>delitiosum</span> 
     </span>
     <span class='ocr_line' id='line_1_4' title="bbox 158 391 1768 468; baseline 0.005 -24"><span class='ocrx_word' id='word_1_19' title='bbox 158 395 212 444; x_wconf 87' lang='lat' dir='ltr'>in</span> <span class='ocrx_word' id='word_1_20' title='bbox 243 395 380 443; x_wconf 86' lang='lat' dir='ltr'>terris</span> <span class='ocrx_word' id='word_1_21' title='bbox 411 391 612 445; x_wconf 84' lang='lat' dir='ltr'>haberet</span> <span class='ocrx_word' id='word_1_22' title='bbox 640 393 938 462; x_wconf 82' lang='lat' dir='ltr'>hospitium,</span> <span class='ocrx_word' id='word_1_23' title='bbox 966 401 1160 468; x_wconf 87' lang='lat' dir='ltr'>quoties</span> <span class='ocrx_word' id='word_1_24' title='bbox 1187 415 1305 450; x_wconf 86' lang='lat' dir='ltr'>curn</span> <span class='ocrx_word' id='word_1_25' title='bbox 1347 397 1453 463; x_wconf 72' lang='lat' dir='ltr'>filiJ&#39;s</span> <span class='ocrx_word' id='word_1_26' title='bbox 1491 397 1768 452; x_wconf 83' lang='lat' dir='ltr'>hominurn</span> 
     </span>
     <span class='ocr_line' id='line_1_5' title="bbox 155 465 1768 548; baseline 0.004 -28"><span class='ocrx_word' id='word_1_27' title='bbox 155 465 350 520; x_wconf 87' lang='lat' dir='ltr'>luberet</span> <span class='ocrx_word' id='word_1_28' title='bbox 374 466 582 521; x_wconf 74' lang='lat' dir='ltr'>delitiari</span> <span class='ocrx_word' id='word_1_29' title='bbox 622 494 634 523; x_wconf 89' lang='lat'>:</span> <span class='ocrx_word' id='word_1_30' title='bbox 674 474 797 525; x_wconf 88' lang='lat' dir='ltr'>Ecce</span> <span class='ocrx_word' id='word_1_31' title='bbox 825 475 911 535; x_wconf 82' lang='lat' dir='ltr'>Jus</span> <span class='ocrx_word' id='word_1_32' title='bbox 947 468 1343 530; x_wconf 63' lang='lat' dir='ltr'>AEziificationis!</span> <span class='ocrx_word' id='word_1_33' title='bbox 1397 473 1606 531; x_wconf 85' lang='lat' dir='ltr'>Accedit</span> <span class='ocrx_word' id='word_1_34' title='bbox 1645 477 1768 548; x_wconf 82' lang='lat' dir='ltr'>legi·</span> 
     </span>
     <span class='ocr_line' id='line_1_6' title="bbox 157 544 1768 624; baseline 0.004 -28"><span class='ocrx_word' id='word_1_35' title='bbox 157 549 310 597; x_wconf 83' lang='lat' dir='ltr'>timus</span> <span class='ocrx_word' id='word_1_36' title='bbox 339 544 639 614; x_wconf 72' lang='lat' dir='ltr'>posseffionis</span> <span class='ocrx_word' id='word_1_37' title='bbox 665 549 846 602; x_wconf 80' lang='lat' dir='ltr'>titulus,</span> <span class='ocrx_word' id='word_1_38' title='bbox 924 548 1144 603; x_wconf 83' lang='lat' dir='ltr'>Difficile</span> <span class='ocrx_word' id='word_1_39' title='bbox 1168 551 1283 603; x_wconf 68' lang='lat' dir='ltr'>alias</span> <span class='ocrx_word' id='word_1_40' title='bbox 1298 551 1414 605; x_wconf 86' lang='lat' dir='ltr'>latet</span> <span class='ocrx_word' id='word_1_41' title='bbox 1443 552 1629 606; x_wconf 81' lang='lat' dir='ltr'><strong>DEUS.</strong></span> <span class='ocrx_word' id='word_1_42' title='bbox 1662 554 1768 624; x_wconf 81' lang='lat' dir='ltr'>Ap·</span> 
     </span>
     <span class='ocr_line' id='line_1_7' title="bbox 157 623 1769 700; baseline 0.006 -29"><span class='ocrx_word' id='word_1_43' title='bbox 157 624 316 690; x_wconf 87' lang='lat' dir='ltr'>patuit</span> <span class='ocrx_word' id='word_1_44' title='bbox 339 625 389 672; x_wconf 88' lang='lat' dir='ltr'>in</span> <span class='ocrx_word' id='word_1_45' title='bbox 418 623 615 693; x_wconf 71' lang='lat' dir='ltr'>praesepi</span> <span class='ocrx_word' id='word_1_46' title='bbox 640 623 726 676; x_wconf 86' lang='lat' dir='ltr'>sub</span> <span class='ocrx_word' id='word_1_47' title='bbox 756 627 993 687; x_wconf 82' lang='lat' dir='ltr'>foen0‚&amp;</span> <span class='ocrx_word' id='word_1_48' title='bbox 1022 626 1106 678; x_wconf 83' lang='lat' dir='ltr'>sub</span> <span class='ocrx_word' id='word_1_49' title='bbox 1128 626 1304 688; x_wconf 74' lang='lat' dir='ltr'>nihilo,</span> <span class='ocrx_word' id='word_1_50' title='bbox 1382 632 1542 683; x_wconf 88' lang='lat' dir='ltr'>Etiam</span> <span class='ocrx_word' id='word_1_51' title='bbox 1581 631 1631 680; x_wconf 89' lang='lat' dir='ltr'>in</span> <span class='ocrx_word' id='word_1_52' title='bbox 1659 629 1769 700; x_wconf 85' lang='lat' dir='ltr'>spe-</span> 
     </span>
     <span class='ocr_line' id='line_1_8' title="bbox 155 698 1766 778; baseline 0.005 -30"><span class='ocrx_word' id='word_1_53' title='bbox 155 699 307 750; x_wconf 90' lang='lat' dir='ltr'>lunca</span> <span class='ocrx_word' id='word_1_54' title='bbox 332 698 499 750; x_wconf 78' lang='lat' dir='ltr'>aulam</span> <span class='ocrx_word' id='word_1_55' title='bbox 518 738 531 759; x_wconf 90' lang='lat'><strong>‚</strong></span> <span class='ocrx_word' id='word_1_56' title='bbox 562 704 611 750; x_wconf 87' lang='lat' dir='ltr'>in</span> <span class='ocrx_word' id='word_1_57' title='bbox 643 702 793 772; x_wconf 85' lang='lat' dir='ltr'>paleis</span> <span class='ocrx_word' id='word_1_58' title='bbox 820 702 1063 756; x_wconf 86' lang='lat' dir='ltr'>thronum</span> <span class='ocrx_word' id='word_1_59' title='bbox 1083 742 1096 763; x_wconf 92' lang='lat'>,</span> <span class='ocrx_word' id='word_1_60' title='bbox 1132 708 1185 754; x_wconf 85' lang='lat' dir='ltr'>in</span> <span class='ocrx_word' id='word_1_61' title='bbox 1220 703 1404 757; x_wconf 88' lang='lat' dir='ltr'>throno</span> <span class='ocrx_word' id='word_1_62' title='bbox 1430 705 1636 758; x_wconf 85' lang='lat' dir='ltr'><strong>DEUM</strong></span> <span class='ocrx_word' id='word_1_63' title='bbox 1676 723 1766 778; x_wconf 89' lang='lat' dir='ltr'>ag-</span> 
     </span>
     <span class='ocr_line' id='line_1_9' title="bbox 154 772 1767 850; baseline 0.002 -26"><span class='ocrx_word' id='word_1_64' title='bbox 154 772 343 826; x_wconf 65' lang='lat' dir='ltr'>novere</span> <span class='ocrx_word' id='word_1_65' title='bbox 370 790 460 827; x_wconf 84' lang='lat' dir='ltr'>tres</span> <span class='ocrx_word' id='word_1_66' title='bbox 489 779 654 848; x_wconf 86' lang='lat' dir='ltr'>magi,</span> <span class='ocrx_word' id='word_1_67' title='bbox 678 785 732 832; x_wconf 68' lang='grc' dir='ltr'>δε</span> <span class='ocrx_word' id='word_1_68' title='bbox 756 777 816 831; x_wconf 91' lang='lat' dir='ltr'>ad</span> <span class='ocrx_word' id='word_1_69' title='bbox 848 779 994 850; x_wconf 86' lang='lat' dir='ltr'>pedes</span> <span class='ocrx_word' id='word_1_70' title='bbox 1023 781 1220 833; x_wconf 87' lang='lat' dir='ltr'>infantis</span> <span class='ocrx_word' id='word_1_71' title='bbox 1255 780 1476 834; x_wconf 85' lang='lat' dir='ltr'>advoluti</span> <span class='ocrx_word' id='word_1_72' title='bbox 1504 785 1592 832; x_wconf 89' lang='lat' dir='ltr'>viri</span> <span class='ocrx_word' id='word_1_73' title='bbox 1614 781 1661 832; x_wconf 88' lang='lat' dir='ltr'>se</span> <span class='ocrx_word' id='word_1_74' title='bbox 1689 783 1767 833; x_wconf 87' lang='lat' dir='ltr'>fa-</span> 
     </span>
     <span class='ocr_line' id='line_1_10' title="bbox 154 848 1766 930; baseline 0.007 -30"><span class='ocrx_word' id='word_1_75' title='bbox 154 848 389 902; x_wconf 86' lang='lat' dir='ltr'>tebantur</span> <span class='ocrx_word' id='word_1_76' title='bbox 417 855 651 905; x_wconf 84' lang='lat' dir='ltr'>minores.</span> <span class='ocrx_word' id='word_1_77' title='bbox 733 854 820 925; x_wconf 82' lang='lat' dir='ltr'>Ipfi</span> <span class='ocrx_word' id='word_1_78' title='bbox 844 856 973 909; x_wconf 72' lang='lat' dir='ltr'>adeo</span> <span class='ocrx_word' id='word_1_79' title='bbox 1001 859 1092 910; x_wconf 88' lang='lat' dir='ltr'>Bos</span> <span class='ocrx_word' id='word_1_80' title='bbox 1131 863 1188 910; x_wconf 77' lang='grc' dir='ltr'>δε</span> <span class='ocrx_word' id='word_1_81' title='bbox 1225 856 1405 911; x_wconf 74' lang='lat' dir='ltr'>Asinus</span> <span class='ocrx_word' id='word_1_82' title='bbox 1445 855 1766 930; x_wconf 83' lang='lat' dir='ltr'>poffefforem</span> 
     </span>
     <span class='ocr_line' id='line_1_11' title="bbox 154 926 1766 999; baseline 0.005 -21"><span class='ocrx_word' id='word_1_83' title='bbox 154 926 300 979; x_wconf 78' lang='lat' dir='ltr'>fuum</span> <span class='ocrx_word' id='word_1_84' title='bbox 333 945 725 999; x_wconf 81' lang='lat' dir='ltr'>cognoverunt:</span> <span class='ocrx_word' id='word_1_85' title='bbox 805 935 932 985; x_wconf 84' lang='lat' dir='ltr'>Eece</span> <span class='ocrx_word' id='word_1_86' title='bbox 974 937 1060 997; x_wconf 81' lang='lat' dir='ltr'>jus</span> <span class='ocrx_word' id='word_1_87' title='bbox 1098 932 1401 987; x_wconf 82' lang='lat' dir='ltr'>Poffeffionis</span> <span class='ocrx_word' id='word_1_88' title='bbox 1445 974 1460 997; x_wconf 86' lang='lat'>,</span> <span class='ocrx_word' id='word_1_89' title='bbox 1496 932 1585 986; x_wconf 83' lang='lat' dir='ltr'>nifi</span> <span class='ocrx_word' id='word_1_90' title='bbox 1635 935 1766 986; x_wconf 83' lang='lat' dir='ltr'>infra</span> 
     </span>
     <span class='ocr_line' id='line_1_12' title="bbox 153 999 1764 1078; baseline 0.003 -23"><span class='ocrx_word' id='word_1_91' title='bbox 153 1001 298 1056; x_wconf 89' lang='lat' dir='ltr'>bruta</span> <span class='ocrx_word' id='word_1_92' title='bbox 324 1005 446 1056; x_wconf 78' lang='lat' dir='ltr'>velis</span> <span class='ocrx_word' id='word_1_93' title='bbox 471 1001 635 1075; x_wconf 73' lang='lat' dir='ltr'>sapere</span> <span class='ocrx_word' id='word_1_94' title='bbox 676 999 689 1061; x_wconf 69' lang='lat' dir='ltr'>l</span> <span class='ocrx_word' id='word_1_95' title='bbox 729 1000 983 1078; x_wconf 70' lang='lat' dir='ltr'>plusdicO.</span> <span class='ocrx_word' id='word_1_96' title='bbox 1062 1008 1253 1063; x_wconf 85' lang='lat' dir='ltr'>Avidus</span> <span class='ocrx_word' id='word_1_97' title='bbox 1279 1009 1444 1065; x_wconf 81' lang='lat' dir='ltr'>cordis</span> <span class='ocrx_word' id='word_1_98' title='bbox 1471 1015 1546 1063; x_wconf 90' lang='lat' dir='ltr'>tui</span> <span class='ocrx_word' id='word_1_99' title='bbox 1577 1008 1764 1061; x_wconf 89' lang='lat' dir='ltr'>homo-</span> 
     </span>
     <span class='ocr_line' id='line_1_13' title="bbox 153 1080 1766 1160; baseline 0.002 -26"><span class='ocrx_word' id='word_1_100' title='bbox 153 1080 330 1134; x_wconf 77' lang='lat' dir='ltr'>DEUS</span> <span class='ocrx_word' id='word_1_101' title='bbox 357 1081 535 1134; x_wconf 56' lang='lat' dir='ltr'>octavo</span> <span class='ocrx_word' id='word_1_102' title='bbox 557 1100 657 1148; x_wconf 84' lang='lat' dir='ltr'>Jam</span> <span class='ocrx_word' id='word_1_103' title='bbox 690 1082 772 1137; x_wconf 90' lang='lat' dir='ltr'>die</span> <span class='ocrx_word' id='word_1_104' title='bbox 796 1087 951 1137; x_wconf 85' lang='lat' dir='ltr'>voluit</span> <span class='ocrx_word' id='word_1_105' title='bbox 978 1087 1274 1160; x_wconf 86' lang='lat' dir='ltr'>sanguinem</span> <span class='ocrx_word' id='word_1_106' title='bbox 1303 1087 1542 1149; x_wconf 87' lang='lat' dir='ltr'>fundere,</span> <span class='ocrx_word' id='word_1_107' title='bbox 1575 1101 1627 1137; x_wconf 91' lang='lat' dir='ltr'>ut</span> <span class='ocrx_word' id='word_1_108' title='bbox 1663 1085 1766 1141; x_wconf 68' lang='grc' dir='ltr'>εἰτὸ</span> 
     </span>
     <span class='ocr_line' id='line_1_14' title="bbox 152 1160 1765 1232; baseline 0.004 -24"><span class='ocrx_word' id='word_1_109' title='bbox 152 1160 368 1227; x_wconf 81' lang='lat' dir='ltr'>pretium</span> <span class='ocrx_word' id='word_1_110' title='bbox 394 1160 627 1221; x_wconf 85' lang='lat' dir='ltr'>solveret,</span> <span class='ocrx_word' id='word_1_111' title='bbox 650 1167 702 1214; x_wconf 87' lang='lat'>&amp;</span> <span class='ocrx_word' id='word_1_112' title='bbox 727 1162 864 1232; x_wconf 85' lang='lat' dir='ltr'>qu&#39;od</span> <span class='ocrx_word' id='word_1_113' title='bbox 895 1161 977 1215; x_wconf 87' lang='lat' dir='ltr'>tibi</span> <span class='ocrx_word' id='word_1_114' title='bbox 992 1168 1391 1232; x_wconf 88' lang='lat' dir='ltr'>emancipaverat</span> <span class='ocrx_word' id='word_1_115' title='bbox 1404 1182 1489 1218; x_wconf 90' lang='lat' dir='ltr'>cor</span> <span class='ocrx_word' id='word_1_116' title='bbox 1511 1161 1765 1226; x_wconf 86' lang='lat' dir='ltr'>‚redime-</span> 
     </span>
     <span class='ocr_line' id='line_1_15' title="bbox 151 1232 1764 1314; baseline 0.004 -30"><span class='ocrx_word' id='word_1_117' title='bbox 151 1249 238 1285; x_wconf 91' lang='lat' dir='ltr'>ret.</span> <span class='ocrx_word' id='word_1_118' title='bbox 318 1232 578 1287; x_wconf 86' lang='lat' dir='ltr'>Offerebat</span> <span class='ocrx_word' id='word_1_119' title='bbox 603 1254 772 1290; x_wconf 85' lang='lat' dir='ltr'>autem</span> <span class='ocrx_word' id='word_1_120' title='bbox 802 1254 992 1307; x_wconf 83' lang='lat' dir='ltr'>partem</span> <span class='ocrx_word' id='word_1_121' title='bbox 1029 1241 1278 1314; x_wconf 84' lang='lat' dir='ltr'>sanguinis</span> <span class='ocrx_word' id='word_1_122' title='bbox 1313 1277 1329 1300; x_wconf 86' lang='lat'>,</span> <span class='ocrx_word' id='word_1_123' title='bbox 1368 1248 1423 1295; x_wconf 83' lang='lat'>&amp;</span> <span class='ocrx_word' id='word_1_124' title='bbox 1455 1238 1707 1312; x_wconf 80' lang='lat' dir='ltr'>quaerebat</span> <span class='ocrx_word' id='word_1_125' title='bbox 1734 1237 1764 1291; x_wconf 67' lang='lat' dir='ltr'>a</span> 
     </span>
     <span class='ocr_line' id='line_1_16' title="bbox 151 1309 1763 1387; baseline 0.001 -24"><span class='ocrx_word' id='word_1_126' title='bbox 151 1309 322 1373; x_wconf 80' lang='lat' dir='ltr'>Patre,</span> <span class='ocrx_word' id='word_1_127' title='bbox 353 1330 417 1364; x_wconf 88' lang='lat' dir='ltr'>an</span> <span class='ocrx_word' id='word_1_128' title='bbox 444 1313 549 1363; x_wconf 84' lang='lat' dir='ltr'>satis</span> <span class='ocrx_word' id='word_1_129' title='bbox 574 1314 732 1369; x_wconf 81' lang='lat' dir='ltr'>foret?</span> <span class='ocrx_word' id='word_1_130' title='bbox 774 1317 994 1387; x_wconf 83' lang='lat' dir='ltr'>Negavit</span> <span class='ocrx_word' id='word_1_131' title='bbox 1018 1316 1120 1376; x_wconf 88' lang='lat' dir='ltr'>hic,</span> <span class='ocrx_word' id='word_1_132' title='bbox 1152 1312 1374 1370; x_wconf 87' lang='lat' dir='ltr'>sufficere</span> <span class='ocrx_word' id='word_1_133' title='bbox 1404 1318 1502 1371; x_wconf 88' lang='lat' dir='ltr'>hoc</span> <span class='ocrx_word' id='word_1_134' title='bbox 1529 1319 1763 1387; x_wconf 85' lang='lat' dir='ltr'>pretium,</span> 
     </span>
     <span class='ocr_line' id='line_1_17' title="bbox 151 1388 1764 1464; baseline 0.002 -26"><span class='ocrx_word' id='word_1_135' title='bbox 151 1392 383 1460; x_wconf 89' lang='lat' dir='ltr'>quamvis</span> <span class='ocrx_word' id='word_1_136' title='bbox 412 1388 693 1445; x_wconf 81' lang='lat' dir='ltr'>infinitum:</span> <span class='ocrx_word' id='word_1_137' title='bbox 732 1390 997 1446; x_wconf 80' lang='lat' dir='ltr'>admiffum</span> <span class='ocrx_word' id='word_1_138' title='bbox 1037 1391 1136 1446; x_wconf 82' lang='lat' dir='ltr'>effe</span> <span class='ocrx_word' id='word_1_139' title='bbox 1167 1390 1514 1447; x_wconf 85' lang='lat' dir='ltr'>vadimonium</span> <span class='ocrx_word' id='word_1_140' title='bbox 1541 1411 1597 1446; x_wconf 92' lang='lat' dir='ltr'>ea</span> <span class='ocrx_word' id='word_1_141' title='bbox 1626 1394 1764 1464; x_wconf 82' lang='lat' dir='ltr'>lege,</span> 
     </span>
     <span class='ocr_line' id='line_1_18' title="bbox 151 1469 1761 1542; baseline 0.001 -25"><span class='ocrx_word' id='word_1_142' title='bbox 151 1479 206 1517; x_wconf 90' lang='lat' dir='ltr'>ut</span> <span class='ocrx_word' id='word_1_143' title='bbox 229 1469 397 1517; x_wconf 88' lang='lat' dir='ltr'>cautio</span> <span class='ocrx_word' id='word_1_144' title='bbox 414 1484 706 1522; x_wconf 75' lang='lat' dir='ltr'>moreretur,</span> <span class='ocrx_word' id='word_1_145' title='bbox 786 1471 986 1521; x_wconf 88' lang='lat' dir='ltr'>Annuit</span> <span class='ocrx_word' id='word_1_146' title='bbox 1010 1470 1166 1527; x_wconf 85' lang='lat' dir='ltr'>filius,</span> <span class='ocrx_word' id='word_1_147' title='bbox 1193 1475 1248 1524; x_wconf 71' lang='grc' dir='ltr'>δι</span> <span class='ocrx_word' id='word_1_148' title='bbox 1283 1472 1578 1542; x_wconf 85' lang='lat' dir='ltr'>sanguinem</span> <span class='ocrx_word' id='word_1_149' title='bbox 1613 1473 1666 1518; x_wconf 83' lang='lat' dir='ltr'>in</span> <span class='ocrx_word' id='word_1_150' title='bbox 1706 1485 1761 1519; x_wconf 86' lang='lat' dir='ltr'>a-</span> 
     </span>
     <span class='ocr_line' id='line_1_19' title="bbox 151 1544 1759 1618; baseline 0.002 -26"><span class='ocrx_word' id='word_1_151' title='bbox 151 1546 302 1615; x_wconf 85' lang='lat' dir='ltr'>gonia</span> <span class='ocrx_word' id='word_1_152' title='bbox 329 1560 412 1612; x_wconf 87' lang='lat' dir='ltr'>per</span> <span class='ocrx_word' id='word_1_153' title='bbox 431 1560 608 1596; x_wconf 86' lang='lat' dir='ltr'>omnes</span> <span class='ocrx_word' id='word_1_154' title='bbox 631 1550 850 1614; x_wconf 87' lang='lat' dir='ltr'>corporis</span> <span class='ocrx_word' id='word_1_155' title='bbox 879 1563 1022 1613; x_wconf 83' lang='lat' dir='ltr'>poros</span> <span class='ocrx_word' id='word_1_156' title='bbox 1038 1584 1052 1606; x_wconf 90' lang='lat'>‚</span> <span class='ocrx_word' id='word_1_157' title='bbox 1072 1551 1124 1597; x_wconf 88' lang='lat' dir='ltr'>in</span> <span class='ocrx_word' id='word_1_158' title='bbox 1149 1544 1484 1617; x_wconf 77' lang='lat' dir='ltr'>flagellatione</span> <span class='ocrx_word' id='word_1_159' title='bbox 1508 1563 1591 1618; x_wconf 87' lang='lat' dir='ltr'>per</span> <span class='ocrx_word' id='word_1_160' title='bbox 1606 1548 1759 1614; x_wconf 85' lang='lat' dir='ltr'>quin-</span> 
     </span>
     <span class='ocr_line' id='line_1_20' title="bbox 152 1619 1756 1695; baseline 0.001 -26"><span class='ocrx_word' id='word_1_161' title='bbox 152 1623 294 1688; x_wconf 86' lang='lat' dir='ltr'>quies</span> <span class='ocrx_word' id='word_1_162' title='bbox 316 1619 455 1671; x_wconf 80' lang='lat' dir='ltr'>mille</span> <span class='ocrx_word' id='word_1_163' title='bbox 497 1621 817 1674; x_wconf 79' lang='lat' dir='ltr'>validiffimos</span> <span class='ocrx_word' id='word_1_164' title='bbox 856 1622 978 1674; x_wconf 75' lang='grc' dir='ltr'><strong>ι’ἃυε</strong></span> <span class='ocrx_word' id='word_1_165' title='bbox 1005 1661 1018 1684; x_wconf 85' lang='grc'><strong><em>,</em></strong></span> <span class='ocrx_word' id='word_1_166' title='bbox 1054 1628 1107 1674; x_wconf 87' lang='lat' dir='ltr'>in</span> <span class='ocrx_word' id='word_1_167' title='bbox 1161 1624 1506 1675; x_wconf 77' lang='lat' dir='ltr'>coronatione</span> <span class='ocrx_word' id='word_1_168' title='bbox 1533 1639 1621 1690; x_wconf 87' lang='lat' dir='ltr'>per</span> <span class='ocrx_word' id='word_1_169' title='bbox 1666 1630 1756 1695; x_wconf 81' lang='lat'>72.</span> 
     </span>
     <span class='ocr_line' id='line_1_21' title="bbox 156 1694 1761 1767; baseline 0.001 -19"><span class='ocrx_word' id='word_1_170' title='bbox 156 1694 409 1764; x_wconf 82' lang='lat' dir='ltr'>spinatum</span> <span class='ocrx_word' id='word_1_171' title='bbox 437 1698 632 1748; x_wconf 89' lang='lat' dir='ltr'>aculeos</span> <span class='ocrx_word' id='word_1_172' title='bbox 658 1703 870 1767; x_wconf 84' lang='lat' dir='ltr'>exprimi</span> <span class='ocrx_word' id='word_1_173' title='bbox 907 1699 1076 1751; x_wconf 85' lang='lat' dir='ltr'>voluit.</span> <span class='ocrx_word' id='word_1_174' title='bbox 1174 1698 1276 1752; x_wconf 83' lang='lat' dir='ltr'>Ibat</span> <span class='ocrx_word' id='word_1_175' title='bbox 1308 1697 1494 1752; x_wconf 90' lang='lat' dir='ltr'>deinde</span> <span class='ocrx_word' id='word_1_176' title='bbox 1525 1714 1761 1750; x_wconf 85' lang='lat' dir='ltr'>oneratus</span> 
     </span>
     <span class='ocr_line' id='line_1_22' title="bbox 158 1770 1759 1837; baseline -0.001 -12"><span class='ocrx_word' id='word_1_177' title='bbox 158 1772 331 1825; x_wconf 90' lang='lat' dir='ltr'>Cruce</span> <span class='ocrx_word' id='word_1_178' title='bbox 355 1770 414 1825; x_wconf 90' lang='lat' dir='ltr'>ad</span> <span class='ocrx_word' id='word_1_179' title='bbox 442 1775 667 1828; x_wconf 80' lang='lat' dir='ltr'>Crucem</span> <span class='ocrx_word' id='word_1_180' title='bbox 695 1776 897 1837; x_wconf 84' lang='lat' dir='ltr'>DEUS,</span> <span class='ocrx_word' id='word_1_181' title='bbox 921 1792 981 1828; x_wconf 87' lang='lat' dir='ltr'>ac</span> <span class='ocrx_word' id='word_1_182' title='bbox 1012 1775 1185 1830; x_wconf 87' lang='lat' dir='ltr'>medio</span> <span class='ocrx_word' id='word_1_183' title='bbox 1205 1779 1256 1828; x_wconf 88' lang='lat' dir='ltr'>in</span> <span class='ocrx_word' id='word_1_184' title='bbox 1284 1780 1461 1827; x_wconf 87' lang='lat' dir='ltr'>itinere</span> <span class='ocrx_word' id='word_1_185' title='bbox 1494 1773 1581 1827; x_wconf 81' lang='lat' dir='ltr'>sub</span> <span class='ocrx_word' id='word_1_186' title='bbox 1601 1790 1759 1824; x_wconf 86' lang='lat' dir='ltr'>onere</span> 
     </span>
     <span class='ocr_line' id='line_1_23' title="bbox 154 1840 1757 1926; baseline 0.002 -26"><span class='ocrx_word' id='word_1_187' title='bbox 154 1852 334 1906; x_wconf 87' lang='lat' dir='ltr'>Crucis</span> <span class='ocrx_word' id='word_1_188' title='bbox 357 1850 526 1918; x_wconf 85' lang='lat' dir='ltr'>septies</span> <span class='ocrx_word' id='word_1_189' title='bbox 565 1850 855 1913; x_wconf 85' lang='lat' dir='ltr'>succubuit,</span> <span class='ocrx_word' id='word_1_190' title='bbox 900 1872 957 1908; x_wconf 84' lang='lat' dir='ltr'>ac</span> <span class='ocrx_word' id='word_1_191' title='bbox 1019 1853 1307 1926; x_wconf 86' lang='lat' dir='ltr'>sanguinare</span> <span class='ocrx_word' id='word_1_192' title='bbox 1365 1855 1533 1920; x_wconf 85' lang='lat' dir='ltr'>coepit.</span> <span class='ocrx_word' id='word_1_193' title='bbox 1611 1840 1757 1903; x_wconf 78' lang='lat' dir='ltr'>Heu!</span> 
     </span>
     <span class='ocr_line' id='line_1_24' title="bbox 151 1921 1757 1999; baseline 0.001 -23"><span class='ocrx_word' id='word_1_194' title='bbox 151 1927 301 1996; x_wconf 82' lang='lat' dir='ltr'>quale</span> <span class='ocrx_word' id='word_1_195' title='bbox 324 1924 544 1996; x_wconf 85' lang='lat' dir='ltr'>pondus,</span> <span class='ocrx_word' id='word_1_196' title='bbox 574 1946 676 1997; x_wconf 91' lang='lat' dir='ltr'>quo</span> <span class='ocrx_word' id='word_1_197' title='bbox 698 1932 1103 1999; x_wconf 76' lang='lat' dir='ltr'>opprimituripie</span> <span class='ocrx_word' id='word_1_198' title='bbox 1128 1929 1298 1983; x_wconf 84' lang='lat' dir='ltr'><strong>DEUS</strong></span> <span class='ocrx_word' id='word_1_199' title='bbox 1313 1921 1325 1981; x_wconf 76' lang='lat' dir='ltr'>l</span> <span class='ocrx_word' id='word_1_200' title='bbox 1354 1925 1593 1981; x_wconf 89' lang='lat' dir='ltr'>Tandem</span> <span class='ocrx_word' id='word_1_201' title='bbox 1617 1925 1757 1977; x_wconf 83' lang='lat' dir='ltr'>ferali</span> 
     </span>
     <span class='ocr_line' id='line_1_25' title="bbox 151 2003 1756 2080; baseline -0.001 -26"><span class='ocrx_word' id='word_1_202' title='bbox 151 2003 325 2055; x_wconf 65' lang='lat' dir='ltr'>lancea</span> <span class='ocrx_word' id='word_1_203' title='bbox 360 2020 589 2072; x_wconf 85' lang='lat' dir='ltr'>apertum</span> <span class='ocrx_word' id='word_1_204' title='bbox 628 2005 750 2056; x_wconf 83' lang='lat' dir='ltr'>latus</span> <span class='ocrx_word' id='word_1_205' title='bbox 784 2005 996 2058; x_wconf 72' lang='lat' dir='ltr'>residuas</span> <span class='ocrx_word' id='word_1_206' title='bbox 1033 2009 1283 2080; x_wconf 85' lang='lat' dir='ltr'>sanguinis</span> <span class='ocrx_word' id='word_1_207' title='bbox 1313 2023 1474 2078; x_wconf 87' lang='lat' dir='ltr'>guttas</span> <span class='ocrx_word' id='word_1_208' title='bbox 1507 2009 1558 2055; x_wconf 89' lang='lat' dir='ltr'>in</span> <span class='ocrx_word' id='word_1_209' title='bbox 1587 2003 1756 2058; x_wconf 85' lang='lat' dir='ltr'>Cruce</span> 
     </span>
     <span class='ocr_line' id='line_1_26' title="bbox 152 2077 1752 2153; baseline -0.003 -20"><span class='ocrx_word' id='word_1_210' title='bbox 152 2079 313 2134; x_wconf 74' lang='lat' dir='ltr'>emisit</span> <span class='ocrx_word' id='word_1_211' title='bbox 350 2102 363 2133; x_wconf 72' lang='grc' dir='ltr'><em>ε</em></span> <span class='ocrx_word' id='word_1_212' title='bbox 404 2082 530 2139; x_wconf 90' lang='lat' dir='ltr'>Ecce</span> <span class='ocrx_word' id='word_1_213' title='bbox 547 2091 627 2150; x_wconf 84' lang='lat' dir='ltr'>Jus</span> <span class='ocrx_word' id='word_1_214' title='bbox 655 2077 954 2153; x_wconf 84' lang='lat' dir='ltr'>Emptionis!</span> <span class='ocrx_word' id='word_1_215' title='bbox 1011 2082 1140 2137; x_wconf 87' lang='lat' dir='ltr'>Vide</span> <span class='ocrx_word' id='word_1_216' title='bbox 1166 2121 1180 2143; x_wconf 88' lang='lat'>‚</span> <span class='ocrx_word' id='word_1_217' title='bbox 1219 2081 1496 2134; x_wconf 84' lang='lat' dir='ltr'>Timothee</span> <span class='ocrx_word' id='word_1_218' title='bbox 1524 2118 1539 2142; x_wconf 91' lang='lat'>,</span> <span class='ocrx_word' id='word_1_219' title='bbox 1576 2079 1752 2151; x_wconf 86' lang='lat' dir='ltr'>quanti</span> 
     </span>
     <span class='ocr_line' id='line_1_27' title="bbox 280 2152 1627 2234; baseline -0.001 -23"><span class='ocrx_word' id='word_1_220' title='bbox 280 2154 516 2213; x_wconf 85' lang='lat' dir='ltr'>venditur</span> <span class='ocrx_word' id='word_1_221' title='bbox 540 2175 683 2213; x_wconf 85' lang='lat' dir='ltr'>tuum</span> <span class='ocrx_word' id='word_1_222' title='bbox 711 2152 825 2214; x_wconf 76' lang='lat' dir='ltr'>cor!</span> <span class='ocrx_word' id='word_1_223' title='bbox 869 2159 1083 2213; x_wconf 83' lang='lat' dir='ltr'>solutum</span> <span class='ocrx_word' id='word_1_224' title='bbox 1109 2160 1180 2212; x_wconf 88' lang='lat' dir='ltr'>est</span> <span class='ocrx_word' id='word_1_225' title='bbox 1208 2174 1371 2214; x_wconf 87' lang='lat' dir='ltr'>totum</span> <span class='ocrx_word' id='word_1_226' title='bbox 1396 2162 1627 2234; x_wconf 86' lang='lat' dir='ltr'>pretium.</span> 
     </span>
    </p>
   </div>
   <div class='ocr_carea' id='block_1_3' title="bbox 667 2234 1749 2442">
    <p class='ocr_par' dir='ltr' id='par_1_3' title="bbox 667 2234 1749 2442">
     <span class='ocr_line' id='line_1_28' title="bbox 667 2234 1216 2327; baseline -0.005 -34"><span class='ocrx_word' id='word_1_227' title='bbox 667 2236 871 2327; x_wconf 62' lang='lat' dir='ltr'>Redde,</span> <span class='ocrx_word' id='word_1_228' title='bbox 901 2235 1038 2310; x_wconf 88' lang='lat' dir='ltr'>quod</span> <span class='ocrx_word' id='word_1_229' title='bbox 1054 2234 1216 2291; x_wconf 84' lang='lat' dir='ltr'>debes.</span> 
     </span>
     <span class='ocr_line' id='line_1_29' title="bbox 1582 2384 1749 2442; baseline -0.018 0"><span class='ocrx_word' id='word_1_230' title='bbox 1582 2386 1652 2442; x_wconf 90' lang='lat'>11.</span> <span class='ocrx_word' id='word_1_231' title='bbox 1689 2384 1749 2439; x_wconf 73' lang='lat'>12</span> 
     </span>
    </p>
   </div>
  </div>
 </body>
</html>
