1988 2698
163 110 261 165 142
803 97 933 166 effi(
975 103 1031 162 ὦ
1083 99 1212 169 ΕΞ

151 217 295 294 quod
320 232 425 273 tam
439 217 599 273 ferum
631 215 685 272 fit
699 217 909 277 ferrum.
989 224 1194 280 Ferrum
1215 224 1242 279 εὶ
1269 225 1470 281 fumoso
1501 226 1643 284 fabro
1674 225 1764 285 fla-

155 299 368 373 gellatur
410 297 543 350 serr&
569 313 587 367 3
627 295 749 349 hinc
806 305 890 352 sua
953 303 1006 353 in
1035 301 1180 356 nobis
1245 301 1455 358 vulnera
1531 306 1770 368 vindicat,

148 386 206 432 ὃς
271 374 561 427 vulneribus
631 373 856 427 eruditur
895 412 913 437 ‚
967 412 969 415 -
993 394 1047 430 ut
1116 380 1358 433 vulneret.
1502 384 1764 455 Experitur

151 449 313 523 modo
413 449 692 528 vindictam
775 458 1018 506 innocens
1102 454 1306 509 Polonia
1346 494 1361 516 ,
1417 462 1502 510 cui
1564 461 1763 532 {angui-

148 535 225 583 nis
260 524 734 581 ChristianiHelluo
755 526 926 582 Turca
952 533 1206 594 imminet,
1280 533 1405 585 Setit
1430 534 1683 590 hicclades‘
1697 553 1760 589 ex

146 603 412 668 cladibus,·
450 603 645 659 &dum
662 611 815 675 captis
851 604 1162 668 dominatur,
1209 614 1431 664 minatur
1486 611 1759 682 capiendis.

146 685 239 739 His
274 682 466 736 lanceas
495 686 623 735 intet
650 681 834 744 lances,
861 683 954 736 illis
981 683 1202 737 tumulos
1237 689 1367 738 inter
1395 686 1644 742 thalamos
1675 693 1759 741 in-

145 762 239 815 fert
263 795 278 821 ,
303 772 358 811 ut
384 761 488 829 pari
523 757 702 812 somno
745 757 1046 813 accubantes
1075 766 1132 815 δε
1175 760 1410 816 cubantes
1434 763 1756 819 occumbant.

151 834 237 889 Ah
263 826 431 890 dolor!
472 836 758 890 Diruuntur
774 836 905 891 sacra
922 837 1038 891 Deo
1065 839 1600 912 templa,&Divorum
1627 841 1761 894 divi-

146 920 236 970 tias
260 910 504 988 praedatur
526 913 754 989 sacrilega
787 931 986 970 manus.
1039 914 1220 972 Infelix
1256 911 1547 973 metallum!
1587 918 1756 972 Nulli..

144 993 193 1047 bi
221 1008 409 1056 tutum,
433 1010 498 1046 ne
512 997 562 1045 in
580 993 773 1064 templo
806 992 1015 1064 quidem
1043 1013 1059 1046 .·
1098 998 1278 1050 merito
1304 993 1579 1066 pallidum,
1614 993 1754 1065 quod

146 1068 334 1140 ubique
361 1067 555 1123 infidias
570 1085 730 1140 paves.
804 1070 890 1125 Ne
913 1084 1084 1125 tamen
1109 1087 1284 1125 avarus
1308 1068 1474 1144 ptaedo
1486 1069 1753 1131 videretur,

144 1146 178 1200 s1
212 1148 523 1200 Polonorum
551 1163 718 1220 gazaS,
750 1163 857 1199 non
884 1145 1012 1218 ipsos
1038 1163 1248 1218 raperet,
1272 1148 1461 1220 aliquot
1492 1147 1651 1201 millia
1667 1164 1755 1198 ca-

143 1227 271 1278 tenis
308 1238 498 1276 onerat.
578 1221 873 1275 Trahuntur
938 1221 1134 1278 hostiles
1180 1240 1268 1295 per
1313 1240 1502 1278 cuneos
1547 1221 1754 1296 indigna

143 1298 327 1372 pompa
349 1321 365 1350 .-
402 1303 644 1352 exercitus
676 1300 817 1359 olim,
835 1316 974 1351 nunc
996 1299 1153 1360 turba,
1232 1299 1529 1353 Trahuntur
1548 1305 1754 1370 captivae

141 1393 341 1438 matreS,
364 1382 418 1431 δε
443 1377 674 1430 alumnos
701 1375 904 1428 trahunt
928 1377 1156 1437 vinculis,
1181 1391 1452 1448 antequam
1480 1376 1637 1429 fasciis
1659 1373 1752 1426 ob-

143 1454 358 1515 volutos,
439 1452 546 1505 Pari
575 1450 791 1506 ludibrio
822 1449 1008 1506 nobiles
1035 1452 1210 1505 Poloni
1241 1456 1370 1505 inter
1397 1453 1590 1506 fiercula
1614 1464 1751 1505 eunt.

142 1528 340 1585 Verbo:
356 1531 530 1582 evertit
546 1528 891 1588 poloniam&
912 1533 1093 1580 everrit
1119 1528 1277 1582 victor
1290 1528 1489 1592 Turca,·
1505 1526 1647 1582 citius
1671 1544 1749 1578 ra-

144 1611 214 1676 pit
252 1615 387 1659 arces
422 1613 476 1660 δε
506 1603 720 1677 oppida,
746 1603 899 1675 quam
927 1602 1078 1656 videt.
1158 1607 1371 1678 Quaeris,
1394 1618 1581 1675 quanta
1606 1606 1748 1655 acie?

139 1682 296 1736 Terta
324 1682 567 1742 contecta,
582 1696 777 1734 montes
800 1679 1025 1749 deprcffi,
1041 1678 1253 1733 flumina
1276 1696 1435 1750 epota.
1513 1676 1750 1732 Tandem

140 1774 212 1812 tot
234 1775 540 1812 armatorum
577 1758 792 1810 millibus
837 1774 966 1809 unus
992 1754 1174 1810 obstitit
1199 1756 1476 1816 Stanislaus,
1576 1758 1747 1810 Voca-

139 1852 276 1893 verat
305 1834 510 1888 huncin
524 1849 639 1889 vota
668 1833 845 1886 Poloni
874 1831 1040 1885 militis
1057 1831 1284 1898 Duaor3
1338 1838 1392 1887 &
1421 1830 1502 1885 abs
1517 1848 1664 1885 mora
1690 1834 1745 1883 in

139 1920 252 1966 aere
283 1911 409 1963 visus
437 1910 525 1971 est,
559 1911 786 1964 divinam
829 1911 1022 1979 placare
1063 1908 1303 1961 Nemefin
1327 1948 1340 1971 ,
1382 1903 1560 1978 hisque
1587 1905 1746 1963 verbis

140 1992 371 2060 patriotas
415 1988 518 2040 suos
536 2005 625 2054 pro
645 1984 966 2039 defendenda
983 1986 1139 2037 Patria
1163 1990 1399 2038 animare.
1441 1982 1744 2056 QuidagitiS,

138 2064 357 2118 imbelle*
380 2077 395 2118 ,²
416 2062 598 2117 Occidi
624 2066 816 2134 cupitis,
831 2059 946 2114 cum
971 2061 1447 2115 liceatoccidere?O
1474 2060 1744 2133 ingloriam

138 2140 528 2200 Fortitudinem,
552 2156 660 2208 quae
690 2143 786 2209 pati
818 2136 1009 2191 tantum
1053 2131 1249 2210 potest!
1295 2140 1409 2192 Hoc
1435 2138 1536 2207 ipso
1570 2134 1744 2207 peribit

136 2220 380 2288 exanguis
407 2217 606 2290 Religio
634 2252 649 2275 ,
709 2215 739 2268 fi
773 2215 1062 2288 sanguinem
1111 2232 1277 2267 torum
1317 2212 1534 2266 fundatis
1579 2211 1743 2263 inulti.

138 2294 319 2366 Capite
344 2291 500 2362 potius
527 2298 577 2344 in
602 2308 819 2344 armatos
842 2308 992 2343 arma.
1047 2292 1215 2346 Miseri
1239 2288 1378 2348 fiant,
1402 2295 1497 2359 qui*
1525 2305 1611 2340 vos
1640 2291 1742 2339 mi-

135 2372 264 2445 (ctos
289 2368 469 2434 secere,
534 2371 627 2426 His
664 2372 868 2443 monitis
890 2369 1189 2442 perpunstus
1219 2367 1449 2440 Princeps
1476 2379 1642 2437 preces
1656 2378 1742 2431 per

1561 2437 1738 2503 castra,
