1988 2698
156 66 254 133 ⁸36
799 58 922 127 033(
958 64 1011 123 ›1‹
1040 61 1158 128 >5259

151 183 439 247 ‘denfiffima
459 182 673 258 caligine
708 184 919 237 mixtam
959 223 975 248 ,
1040 181 1378 255 incumbere3
1412 193 1578 244 aerem
1618 194 1770 246 inter:

148 263 452 322 micantibus
488 262 712 335 fulgetris
744 262 1003 314 (eintillare
1040 283 1068 326 ,-
1114 279 1296 315 terram
1336 264 1595 319 horrendis
1620 275 1769 329 moti·

150 343 245 398 bus
283 343 490 394 concuti
534 358 560 401 ‚·
593 352 733 390 antra
773 337 1039 410 gemitibus
1080 339 1342 410 personare
1368 362 1396 403 ,·
1442 343 1661 397 monstra
1689 349 1772 397 vi-

149 422 309 494 pereis
340 416 484 469 sibilis
517 414 722 469 stridere
744 434 772 477 ,·
811 420 865 468 δε
892 432 998 468 non
1029 414 1115 467 nifi
1143 413 1376 469 umbram
1405 415 1627 471 flammae
1645 437 1764 490 pur-

150 500 313 570 gantis
362 491 644 563 concepisti.
735 490 875 543 Pone
927 527 943 552 ‚
983 489 1233 562 quidquid
1283 492 1478 546 barbari
1537 493 1766 550 humana

147 590 295 628 mens
320 571 622 641 excogitavit
660 586 677 617 .-
715 570 940 620 eertatim
986 569 1031 619 se
1070 571 1355 621 immittent
1393 574 1445 622 in
1486 585 1648 623 tauros
1689 573 1765 626 fa-

145 647 274 704 rnofi
301 642 568 699 Phalaridis
592 660 612 712 3
636 647 685 694 in
710 647 875 716 gratiae
914 644 1029 696 loeo
1056 642 1423 703 numerabunt,
1445 643 1472 697 Ξι
1500 646 1762 702 Mezentio

147 725 215 780 ad
242 721 500 783 cadavera,
538 719 791 773 vermibus
815 719 1068 782 scatentia,
1091 720 1280 795 alligari
1316 738 1334 788 3
1363 721 1493 773 ultro
1517 723 1760 777 conscen-

147 801 273 856 dent
298 800 465 853 fatales
489 797 792 851 Diocletiani
809 812 934 850 rotas
960 816 984 858 ‚-
1007 797 1142 850 velut
1171 797 1374 867 apiculae
1387 796 1450 852 ad
1477 797 1762 871 fragrantis-

147 877 297 931 fimos
322 874 468 928 flores
496 910 511 934 ‚
546 872 888 930 convolabunt
914 872 978 928 ad
1023 875 1188 927 ulcera
1206 871 1319 937 Jobi
1351 912 1365 936 ,
1404 879 1458 928 &
1491 877 1650 928 mellis
1685 881 1763 928 in-

145 956 242 1010 star
268 950 415 1006 avide
463 951 651 1025 sugent.
708 947 910 1005 Verbo:
958 964 1106 1002 erunt
1132 952 1414 1003 amantium
1457 966 1572 1002 vota
1598 989 1612 1013 ,
1650 969 1762 1021 quae

145 1029 290 1086 nobis
315 1027 428 1082 sunt
455 1045 655 1082 reorum
682 1026 925 1097 supplicia.
1004 1028 1075 1080 Ex
1102 1025 1380 1079 miserrimo
1392 1024 1490 1078 hoc
1515 1028 1761 1100 ergastulo

147 1106 350 1161 misellae
375 1108 555 1158 animae
569 1101 656 1155 tibi
681 1103 993 1159 acclamant:
1043 1100 1291 1156 hominem
1314 1121 1415 1156 non
1437 1099 1599 1155 habeo.
1641 1104 1757 1156 Bar-

147 1183 326 1240 barum
353 1196 401 1234 te
428 1185 446 1234 ἱ
489 1178 596 1235 Nifi
627 1197 870 1233 coronam
899 1218 914 1242 ,
943 1196 1099 1251 quam
1128 1194 1327 1241 vocant,
1369 1181 1586 1250 Virginis
1620 1178 1761 1250 lapfis

146 1264 367 1332 porrigas
408 1297 422 1319 ,
456 1272 510 1309 ut
555 1255 618 1311 ad
655 1274 901 1310 coronam
933 1257 1102 1329 gloriae
1124 1256 1299 1309 eleves.
1380 1253 1656 1308 Crudelem
1682 1249 1760 1310 te!

147 1336 257 1393 Nifi
300 1334 436 1389 sexta
463 1337 636 1405 quavis
681 1331 798 1386 feria
826 1370 838 1394 ,
864 1333 1005 1385 ferias
1031 1329 1057 1384 ἐι
1083 1329 1298 1384 secunda
1329 1331 1640 1384 comestione
1668 1330 1759 1384 tibi

148 1412 339 1468 indicas
363 1448 379 1471 ,
402 1425 456 1464 ut
487 1409 738 1475 famelicas
763 1426 968 1462 recrees.
1051 1409 1308 1460 Immitem
1340 1421 1389 1459 te
1426 1397 1439 1461 ἒ
1506 1405 1613 1460 Nifi
1659 1405 1761 1459 fer-

147 1489 238 1544 re&
261 1485 459 1542 lumbos
490 1501 601 1539 tuos
622 1484 827 1559 cingulo
861 1483 1012 1556 quam
1043 1482 1305 1537 aretiffime
1354 1482 1629 1555 adstringas
1663 1520 1677 1544 ,
1703 1495 1759 1534 ut

145 1569 344 1641 ignium
381 1563 589 1616 vincula.
627 1566 828 1634 captivis
876 1560 1046 1614 solvas.
1123 1561 1489 1615 Inclementem
1524 1551 1609 1612 te!
1652 1556 1758 1611 Nifi

147 1641 310 1714 prima
347 1638 527 1694 menfis
571 1643 810 1708 cujusque
845 1634 1101 1691 dominica
1139 1634 1526 1695 immaculatum
1565 1632 1755 1687 Christi

147 1720 442 1795 sanguinem
511 1712 738 1767 effundas
768 1718 819 1765 in
885 1712 1197 1773 maculatas,
1226 1725 1281 1762 ut
1331 1710 1554 1763 maculas
1611 1709 1758 1763 eluas.

151 1789 163 1794 ³
316 1796 405 1861 Vae
453 1784 467 1846 l
505 1791 553 1843 Si
594 1789 780 1861 lapides
809 1827 823 1851 ,
875 1793 961 1858 qui
1001 1785 1386 1858 lacrymantibus
1432 1784 1591 1841 colla-

469 1880 785 1938 crymantut‚
825 1863 1009 1919 duritie
1038 1864 1244 1934 superes.
1337 1861 1444 1919 Cor

651 1941 838 1997 durum
867 1940 999 1993 male
1038 1938 1240 2013 habebit

764 2022 817 2072 in
841 2015 1126 2091 noviffimO.
1224 2010 1229 2013 ’

1525 2326 1752 2385 XXXV.
