1988 2698
111 95 214 157 m
757 92 887 163 effi(
919 98 972 160 m
1005 91 1135 165 lg&

276 217 493 293 Spargite
520 217 617 272 lilia
654 253 673 280 ‚
702 219 847 285 jacite
871 220 1000 283 rosas
1039 258 1054 281 ‚
1093 218 1278 273 aethre
1301 221 1511 277 corollas
1535 261 1550 285 ,
1599 225 1723 282 dici.

110 294 161 350 te
174 311 346 368 paeana
359 294 704 365 triumphatori
734 294 1137 350 STAN1sLAo!
1217 297 1535 355 Admirabilis
1568 291 1729 358 fuitin

111 389 305 446 pugna,
326 372 601 426 mirabilior
625 376 677 425 in
709 374 913 432 vidtoria
935 410 956 437 ,
993 373 1359 447 gloriofiffimus
1387 381 1438 428 in
1455 378 1729 451 triumpho,

107 449 228 502 Sine
251 449 385 503 ferro
411 450 690 522 vulneravit
712 457 802 512 ,ὃς
821 449 1064 523 fugiendo
1094 450 1356 523 superavit.
1435 453 1572 507 Ante
1598 473 1717 509 cur..

103 525 624 597 rum'triumpha-ntis
659 526 866 580 trahitur
894 528 1055 601 ‘ligatis
1073 521 1311 586 manibus
1354 529 1517 582 Amor
1555 535 1723 605 impu-

105 617 193 656 ms
223 640 239 666 ,
273 619 429 674 quem
461 607 667 656 vincere
691 603 1028 674 pulcherrima
1054 605 1123 659 est
1149 605 1363 660 vitstor-ia.
1444 597 1551 661 F't'xit
1577 608 1722 662 Sam-

103 675 192 731 son
225 678 410 733 Alcidis
433 695 714 734 coaetaneus
753 719 767 742 ‚
807 680 972 735 Alcidi
1007 680 1179 736 ⁴fimilis
1204 722 1218 745 ‚
1265 682 1490 738 robustus
1524 691 1577 738 «Sc
1619 687 1724 738 sor·

102 758 176 807 tis.
256 756 453 811 Primus
490 757 615 810 illius
653 756 830 820 labor,
884 761 970 828 qui
1012 762 1204 831 primus
1245 759 1433 815 Aleidis
1461 797 1476 821 ,
1519 762 1723 815 leonem

101 832 525 888 immaniffimum
554 834 788 895 sternere,
865 834 1110 892 Dulciore
1141 849 1311 890 tamen
1350 836 1550 890 vinitoria
1589 877 1603 900 ‚
1643 839 1721 891 fe-

102 911 237 961 rinas
270 913 400 962 inter
426 915 626 963 exuvias
662 911 839 963 favum
872 911 1034 965 mellis
1067 913 1280 967 invenit.
1358 911 1611 966 Philisteos
1635 914 1715 966 su-

99 981 256 1038 binde
280 991 481 1060 triginta
507 985 694 1041 occidit
721 1026 735 1049 ,
780 995 834 1043 36
868 987 1090 1043 hostium
1129 986 1286 1060 {polijs
1333 987 1496 1043 hostes
1536 989 1716 1043 induit.

97 1061 232 1115 Mox
266 1067 496 1117 trecentis
537 1062 766 1136 vulpibus
806 1064 940 1117 faces
987 1063 1191 1138 subligat
1242 1087 1258 1116 .·
1302 1063 1500 1118 ¹ludicro
1523 1069 1664 1119 initio
1700 1103 1717 1127 ,

98 1136 254 1192 flebili
290 1155 490 1194 eventu.
568 1141 708 1195 Nam
724 1140 1044 1194 incendiariae
1088 1146 1392 1202 animantes,
1421 1159 1510 1211 per
1538 1143 1720 1216 segetes

95 1212 266 1285 sparsae
309 1254 325 1279 ‚
360 1218 557 1270 famem
593 1235 713 1270 cum
746 1214 1240 1291 fiammissparg-unt,
1319 1217 1557 1272 Necdum
1586 1236 1716 1271 con-

96 1305 262 1346 tentus
287 1331 303 1355 ,
329 1293 460 1347 aselli
498 1291 794 1348 mandibula
821 1298 1038 1346 eervices
1087 1291 1520 1366 cataphractorum
1563 1299 1674 1346 terit
1701 1332 1717 1356 ,

15 1376 17 1378 ’
95 1374 153 1423 δε
196 1367 500 1426 Ρὴίίίίὶὴίηῑε
529 1368 800 1424 destinatus
837 1369 901 1423 ad
945 1368 1164 1441 praedam
1210 1406 1226 1431 ,
1276 1374 1414 1422 exitu
1455 1372 1718 1439 inopinato

91 1442 311 1500 declinat
336 1449 548 1501 exitium
580 1483 597 1508 ,
637 1446 846 1519 quando
891 1447 1025 1499 urbis
1071 1463 1339 1519 compages
1379 1445 1572 1498 revellit
1608 1485 1620 1507 ,
1657 1453 1716 1501 δε

100 1536 355 1596 portarum
396 1524 526 1577 fores
554 1523 685 1577 foras
716 1537 890 1596 portat.
969 1522 1065 1577 Sed
1103 1539 1294 1577 tantam
1335 1522 1527 1576 famam
1555 1523 1716 1576 Amor

93 1602 321 1668 impurus
353 1600 685 1654 infamaverat
697 1620 721 1662 ,·
763 1607 815 1655 &
843 1601 927 1670 qui
956 1600 1125 1654 leones
1144 1601 1310 1654 stravit
1334 1636 1348 1662 ,
1388 1595 1415 1649 a
1437 1600 1553 1668 lupa
1589 1600 1712 1653 ster..

91 1678 246 1729 nitur,
331 1676 415 1731 Ne
457 1677 572 1730 suos
605 1677 1116 1737 -amorescontristet,
1149 1680 1379 1730 virtutem
1399 1680 1584 1736 ‚comis
1611 1679 1711 1728 irn-
1738 1708 1740 1711 v

92 1753 320 1827 plicitam
339 1751 534 1823 ‚prodit
559 1775 571 1805 :
609 1752 786 1823 quibus
810 1771 896 1825 per
922 1749 1152 1807 fraudem
1181 1751 1370 1807 rescistis
1394 1787 1409 1811 ‚
1436 1755 1632 1804 enervis
1657 1755 1710 1804 in

91 1846 310 1882 nervum
352 1834 563 1882 mittitur
601 1866 616 1890 ,
646 1837 699 1884 δε
752 1831 911 1882 ocul-is
946 1828 1148 1881 orbatur
1188 1865 1206 1891 ,
1246 1846 1373 1900 q-u-os
1416 1825 1615 1883 dudum
1654 1832 1711 1882 in

86 1907 249 1960 aliena
273 1905 436 1959 fronte
469 1904 760 1977 perdiderat.
841 1906 1076 1960 samsone
1089 1906 1259 1959 fortior
1273 1905 1344 1960 est
1369 1904 1513 1974 Tyro
1528 1921 1709 1976 parvu-

90 1983 164 2035 lus
203 2021 217 2043 ‚
258 1987 376 2054 quia
423 1982 730 2053 prudentior.
806 1981 1001 2036 Sciebat
1040 1981 1258 2055 perbene
1295 2021 1310 2045 ,
1354 1986 1510 2036 etiam
1569 1982 1707 2037 Mar·

87 2073 192 2112 tem
234 2057 473 2111 facillime
507 2064 612 2129 capi
647 2097 662 2123 ‚
707 2059 738 2112 fi
782 2064 956 2114 Venus
995 2075 1273 2132 captaretur
1309 2082 1339 2111 :1
1368 2066 1524 2111 etiarn
1556 2057 1710 2111 robu-

88 2134 296 2190 stiffimis
335 2135 639 2206 tergiversari
680 2134 886 2190 difficile
921 2136 1019 2190 esse
1059 2175 1074 2198 ,
1110 2134 1194 2190 ubi
1231 2139 1479 2208 apparitor
1517 2133 1704 2207 cupido

92 2211 226 2264 faces
261 2209 504 2264 admovet
550 2210 821 2266 :ceterfim
872 2229 1139 2282 nunquam
1203 2218 1360 2280 majus
1408 2212 1705 2284 proditionis

88 2287 372 2363 periculum
395 2324 414 2358 2
438 2285 591 2363 quam
634 2286 668 2344 fi
690 2287 908 2347 sensibus
924 2288 1118 2346 libertas
1132 2289 1508 2348 concederetur.
1588 2289 1704 2342 Hac

1635 2362 1704 2426 de
