1988 2698
150 131 221 186 94
777 116 902 185 ff(
933 124 991 183 ὦ·
1015 119 1142 212 >323

151 237 370 301 scendit,
397 236 658 300 decrescat.
740 241 1067 312 Reliquarum
1106 242 1355 296 stellarum
1398 257 1630 296 ornatum
1661 251 1758 303 ,δε

151 327 424 370 numerum
456 323 562 388 quis
595 316 839 370 enarrabit
866 331 880 370 ?
922 321 1092 372 Nemo
1128 318 1256 371 certe?
1282 336 1450 390 praeter
1477 321 1647 380 illum,
1671 313 1756 390 qui

150 393 359 465 singulas
398 394 483 445 suo
516 398 723 445 nomine
762 403 972 447 vocavit.
1053 398 1207 470 Igitur
1238 394 1502 448 hominem
1540 413 1643 447 nou
1674 396 1752 449 di-

147 488 270 522 xero
306 508 318 529 ,
358 475 445 540 qui
485 473 769 522 universum
822 472 920 524 hoc
997 479 1051 527 δε
1095 472 1209 525 casu
1248 471 1479 526 coaluisse
1515 509 1529 531 ‚
1558 479 1610 524 δε
1651 471 1752 524 fine

147 552 341 599 rarione
369 545 633 618 gubernari
663 587 678 608 ‚
701 545 917 600 affirmet
951 571 978 614 ,-
998 546 1117 602 cum
1154 550 1293 601 nullo
1329 547 1531 600 consilio
1566 547 1749 619 assequi

106 618 107 621 '
147 623 284 692 poffit
312 659 324 680 ,
352 638 543 692 quanto
572 624 659 676 ista
684 623 890 675 consilio
915 641 1166 697 gerantur.
1245 623 1346 696 Ipsa
1385 629 1606 676 inanima
1633 629 1753 697 arti-

143 697 292 753 ficem
328 702 575 750 mirantur
615 700 923 752 intellefihim
963 721 988 763 ,-
1025 708 1079 755 δι
1112 700 1441 760 Circinus‚1'n
1485 701 1634 773 globo
1661 718 1751 753 ex-

144 775 517 845 pansus,totum
544 777 675 847 cupit
709 780 785 828 ire
815 791 903 849 per
939 776 1099 830 orbem
1125 798 1139 827 .·
1182 776 1328 831 Adeo
1364 779 1523 849 pellax
1560 778 1632 831 est
1670 793 1752 828 re-

142 868 257 905 tum
289 866 566 904 creatarum
602 857 811 905 varietas
842 891 856 914 ,
893 861 945 908 δι
974 853 1308 925 pulchritudO.

308 927 518 980 Summa
546 944 619 980 res
653 927 965 982 defiderium.
1047 933 1185 984 Hinc
1236 929 1404 982 eidem
1462 945 1551 996 pro
1592 947 1749 1001 regno

138 1001 283 1057 datus
307 1003 378 1057 est
404 1003 643 1058 mundus,
721 1005 985 1076 Quidquid
1016 1010 1067 1058 in
1101 1007 1266 1076 ampla
1293 1005 1435 1072 hujus
1460 1004 1742 1075 supellestili

135 1083 424 1134 continetur
448 1079 636 1152 pretiosi
663 1119 677 1142 ,
703 1080 767 1135 ad
788 1082 913 1133 illius
940 1083 1172 1153 obsequia
1196 1081 1502 1135 destinatum
1534 1081 1618 1136 est.
1660 1082 1745 1133 In-

136 1160 282 1208 terim
316 1155 440 1210 dum
475 1163 652 1210 omnia
689 1157 881 1231 attingit
929 1195 946 1220 ‚
992 1177 1096 1211 non
1120 1164 1337 1232 tangitur
1394 1157 1690 1210 desiderium
1736 1178 1752 1208 ι

134 1231 262 1286 dum
302 1236 475 1285 omnia
514 1238 753 1308 percurrit
797 1273 810 1295 ,
849 1252 954 1287 non
982 1250 1225 1289 movetur,
1308 1235 1494 1288 Volitat
1520 1252 1606 1304 per
1631 1241 1745 1284 aera

134 1326 255 1362 cum
286 1308 455 1360 avibus
486 1330 501 1359 .-
529 1314 915 1381 trajicitaequora
937 1329 1056 1364 cum
1079 1309 1323 1363 navibus.-
1371 1313 1560 1363 innatat
1604 1313 1746 1379 aquis

133 1402 256 1437 cum
291 1384 492 1456 piscibus
516 1407 533 1436 .-
577 1385 869 1441 conscendit
898 1393 1151 1441 montium
1182 1390 1451 1440 cacumina
1473 1403 1592 1439 cum
1610 1385 1743 1437 feris.-

134 1459 365 1519 ,discurrit
417 1479 502 1531 per
555 1461 759 1517 latebras
819 1481 940 1524 eum
1001 1462 1205 1517 canibus
1263 1467 1517 1516 venaticis.
1596 1459 1743 1514 Adeo

135 1539 286 1590 nullis
300 1538 722 1591 circumscribitur
748 1539 987 1592 limitibus
1008 1561 1034 1603 ;
1074 1540 1215 1591 nullo
1251 1540 1541 1611 angustatur
1576 1538 1685 1589 loco
1712 1557 1740 1600 ,-

132 1613 275 1665 nullo
302 1613 610 1666 contrahitur
636 1616 795 1666 littore
825 1637 849 1682 ,-
886 1615 1152 1670 vastiffima
1189 1621 1306 1685 petit
1336 1652 1350 1675 ,
1375 1623 1427 1669 Sc
1467 1616 1578 1668 Plus
1603 1614 1739 1664 ultra

133 1687 284 1741 habet
324 1708 413 1760 pro
457 1691 640 1745 tessera.
720 1690 847 1744 Illud
886 1692 1111 1762 lacrymis
1135 1691 1479 1763 dignissimum
1520 1728 1535 1750 ‚
1577 1689 1746 1760 quod,

131 1764 252 1818 sicut
273 1771 503 1817 omnium
545 1767 706 1820 ferme
736 1770 1022 1820 mortalium
1051 1769 1119 1822 est
1145 1766 1419 1821 desiderare
1458 1805 1474 1828 ‚
1515 1772 1591 1834 ita*
1614 1783 1737 1835 pau-

129 1859 308 1895 corum
347 1842 426 1902 fit,
457 1842 574 1896 scire
589 1842 879 1897 desiderare.
960 1845 1242 1897 Multorum
1274 1843 1507 1898 desideria
1534 1847 1738 1896 imitan-

129 1932 210 1969 tur
241 1917 442 1971 fossores
470 1924 574 1971 auri
597 1956 611 1978 ,
642 1926 727 1991 qui
754 1920 1046 1973 cavitatibus
1073 1939 1175 1974 non
1198 1926 1419 1974 contenti
1446 1958 1460 1980 ,
1485 1937 1639 1972 novas
1661 1918 1735 1970 as-

128 1991 271 2047 fiduo
318 2013 492 2048 caveas
532 1994 729 2049 fodiunt
772 2035 788 2058 ,
856 2005 909 2053 δι
951 1996 1152 2050 umbras
1188 2000 1432 2071 eligunt,
1472 2012 1526 2049 ut
1563 1997 1733 2048 lucem

127 2069 329 2143 abigant
370 2109 384 2131 ,
438 2068 624 2142 fibique
662 2088 894 2134 noceant,
973 2075 1179 2127 Utinam
1218 2075 1246 2126 a
1272 2075 1509 2127 Saanislao
1543 2070 1733 2125 defide-

130 2152 186 2211 rij
219 2147 430 2200 modum
459 2149 713 2203 addiscant
749 2186 764 2209 ,
823 2148 935 2202 licet
961 2149 1043 2203 hic
1070 2151 1251 2220 absque
1288 2149 1446 2204 modo
1478 2139 1734 2203 desideret!

128 2223 269 2276 Nihil
303 2225 496 2296 grande
532 2264 546 2286 ,
571 2225 697 2278 nihil
747 2226 966 2280 arduum
1009 2228 1079 2282 est
1108 2267 1121 2288 ,
1161 2236 1213 2296 δε
1250 2228 1508 2280 heroicum
1540 2263 1555 2285 ,
1594 2223 1767 2296 quod*-

129 2315 247 2355 vota
276 2301 497 2357 Stanislai
533 2303 784 2376 fugiataut
799 2302 1020 2359 excedat.
1084 2308 1227 2378 Quos
1262 2304 1382 2358 fines
1409 2303 1612 2377 praefixit
1650 2300 1734 2354 fibi

1553 2381 1733 2435 Homo
