1988 2698
843 87 961 156 023<
990 91 1043 148 »Β
1079 81 1201 154 ›se-³
1758 99 1829 152 97

672 198 1826 312 Qeffiffisffiaaesaffiss

860 361 950 450 X
971 361 1060 449 X
1076 361 1185 449 V·
1762 394 1779 401 -·

289 513 528 572 Ndustria
549 510 839 569 mortalium
869 545 884 574 ⁵
918 520 974 568 δε
1007 510 1196 565 solertia
1249 507 1597 584 ingeniorum
1623 507 1814 564 assecu-v

206 520 283 653 Ι
320 609 367 644 ta
393 595 463 647 est
491 626 508 653 ,
550 606 661 662 quae
693 607 961 662 nunquam
1001 591 1130 643 ullus
1158 603 1384 641 veterum
1431 588 1813 647 Romanorum,

206 672 286 724 vel
313 671 606 724 Graecorurn
653 671 971 741 excogitavit.
1050 668 1285 719 Iuventio
1311 666 1476 734 papyri
1530 678 1594 714 ex
1637 662 1814 717 vilibus

207 744 503 800 centonibus
536 783 551 807 ,
577 744 702 815 quid
742 761 848 796 non
881 742 989 797 orbi
1012 743 1231 795 utilitatis
1263 740 1419 793 attulit
1454 752 1470 793 ‚³
1508 737 1646 792 Cum
1676 754 1812 792 vetes

202 839 278 874 res
307 821 374 873 illi
412 822 596 875 litteras
634 821 738 874 suas
765 826 815 873 in
850 819 1116 873 corticibus
1152 817 1385 870 arborum
1425 813 1757 869 describerent
1780 836 1810 881 ‚-

199 897 340 951 unde
366 905 418 952 δε
446 897 709 965 Tabellarij
740 895 860 951 diffl
890 896 1016 950 sunt.
1093 898 1221 968 Qus
1254 904 1411 946 artem
1452 890 1600 945 libros
1635 896 1811 963 impri-

200 974 380 1028 mendi
426 974 534 1028 satis
569 973 845 1027 admiretur
883 986 899 1027 ἓ
948 973 1048 1026 Sex
1097 969 1317 1026 millibus
1351 986 1605 1021 annorum
1645 969 1812 1022 nulius·

199 1048 364 1103 codex
386 1088 401 1113 ,
444 1069 539 1104 nec
574 1050 717 1103 sacrae
736 1089 750 1111 ,
797 1067 892 1102 nee
916 1049 1134 1120 profanae
1169 1051 1360 1120 paginae
1394 1044 1652 1098 exstabant
1675 1082 1691 1105 ‚
1720 1044 1810 1099 nisi

201 1126 405 1180 summo
439 1127 607 1179 labore
634 1165 648 1187 ,
682 1132 737 1179 &
762 1144 948 1199 magna
996 1123 1341 1177 lucubratione
1369 1159 1383 1182 ,
1423 1122 1604 1192 scripto
1637 1139 1810 1187 exara.

199 1214 259 1253 tae
298 1226 309 1254 ε
349 1202 514 1256 donec
564 1203 844 1276 Moguntiae
904 1207 958 1253 in
1000 1203 1272 1254 Germania
1304 1203 1519 1263 joannes
1564 1198 1812 1251 Gauden-

198 1275 354 1351 bergh
394 1295 528 1349 typos
568 1276 789 1349 primum
833 1277 965 1332 fudit
1004 1316 1019 1340 ,
1058 1277 1250 1350 digeffit
1295 1314 1311 1339 ,
1360 1275 1509 1346 praeio
1570 1280 1756 1345 aptavit
1789 1314 1806 1340 ,

198 1360 254 1407 δε
299 1354 397 1405 una
439 1353 675 1424 impreffit
722 1354 806 1408 die
842 1393 857 1416 ,
894 1369 1148 1425 quantum
1189 1357 1273 1405 vix
1319 1369 1458 1404 anno
1492 1350 1806 1407 scribebatur.

149 1465 152 1468 -
198 1428 500 1501 Ignorabant
521 1431 648 1482 olim
675 1446 1046 1500 campanarum
1085 1430 1230 1483 usum
1255 1468 1268 1491 ,
1310 1446 1432 1500 quas
1454 1425 1646 1481 samstus
1674 1429 1804 1482 Pau-

196 1504 327 1559 linus
351 1543 367 1568 ,
411 1506 539 1558 nola:
566 1510 618 1558 in
635 1505 923 1577 Campania
947 1505 1205 1578 Episcopus
1235 1545 1248 1568 ,
1272 1510 1323 1557 in
1359 1502 1624 1558 Ecclefiam
1653 1504 1806 1559 indu-

196 1585 280 1633 xit.
361 1581 561 1635 Omnes
598 1584 954 1638 Rornanorum
992 1581 1259 1636 testudines
1282 1621 1298 1644 ,
1324 1580 1513 1634 balistas
1544 1617 1561 1642 ,
1601 1589 1656 1635 δε
1681 1586 1806 1635 arie·

198 1670 268 1709 tes
291 1656 444 1711 hodie
470 1658 698 1728 parvulus
725 1658 927 1729 pulvere
950 1663 1132 1713 nitrato
1168 1657 1400 1711 subvertit
1439 1693 1456 1715 ‚
1496 1673 1649 1727 quem
1681 1659 1806 1711 Bar.-

197 1732 401 1786 tholdus
435 1736 591 1807 Niger
631 1773 646 1796 ‚
693 1734 986 1789 Monachus
1031 1773 1048 1795 ‚
1086 1735 1360 1788 adinvenit.
1437 1732 1519 1790 Sic
1539 1734 1645 1788 tubi
1669 1739 1807 1804 opti-

196 1814 244 1862 ci
272 1846 287 1869 ‚
324 1818 377 1864 &
403 1810 704 1880 conspicilia,
728 1811 962 1865 humanis
976 1811 1141 1865 ufibus
1166 1811 1548 1882 perneceffaria,
1572 1812 1803 1881 plausum

199 1886 371 1941 tulere.
449 1889 637 1941 Verum
677 1887 880 1943 laudem
909 1888 1201 1960 praeripuere
1234 1887 1472 1942 omnibus
1495 1885 1631 1941 Aciis
1648 1888 1804 1963 Mag-

197 1968 374 2016 neticae
410 1962 659 2018 Authores
691 2003 703 2025 .
739 1982 851 2037 quae
877 1970 1062 2018 virtute
1103 1963 1244 2017 insita
1279 2001 1298 2025 ,
1335 1970 1459 2037 quin
1495 1980 1607 2038 agat
1643 1969 1696 2018 in
1719 1967 1810 2019 di.-

194 2039 325 2094 stans
368 2076 382 2099 ,
426 2039 489 2101 Βξξ
565 2041 770 2113 Semper
796 2040 862 2096 ad
889 2042 1076 2098 stellam
1103 2043 1324 2113 polarem
1354 2042 1401 2094 se
1425 2046 1668 2096 convertit
1702 2078 1719 2102 ,
1744 2049 1806 2098 δι

187 2116 296 2190 ρίὶις
319 2115 493 2188 diligit
519 2115 735 2173 omnibus
775 2137 944 2175 unam.
1019 2122 1142 2175 Haec
1166 2136 1431 2174 nautarum
1464 2116 1571 2172 dux
1593 2125 1648 2173 δε
1677 2118 1802 2172 Ma-.

194 2194 345 2267 gistra
379 2194 450 2247 est
484 2229 500 2252 ‚
536 2211 640 2264 quo
679 2199 730 2248 in
759 2198 958 2250 climate
991 2196 1259 2250 versentur·
1277 2219 1305 2262 ,-
1342 2194 1446 2270 quo
1481 2193 1649 2249 cursus
1677 2195 1797 2249 diri-

196 2266 390 2343 gendus
415 2289 439 2334 ‚·
475 2286 586 2342 quae
612 2270 740 2329 vada
771 2311 789 2339 ,
818 2280 872 2329 &
903 2272 1050 2344 syrtes
1087 2272 1317 2348 vitandae!
1391 2274 1505 2334 Hae
1538 2271 1665 2328 nihil
1698 2290 1797 2327 un-

942 2349 996 2406 N
1630 2366 1789 2422 quam
