1988 2698
180 131 278 182 επ
869 118 986 189 0:32³(
1026 124 1078 184 ff<
1111 123 1231 192 )3&

180 234 212 295 ἒ
247 239 447 312 pumice
482 240 719 314 produxit
770 268 782 299 ε
819 244 1357 323 thaumaturg23m¹1m
1398 265 1626 310 naturam
1666 273 1781 311 mo.

178 322 249 371 vit
275 357 289 381 ,
312 332 364 369 ut
411 333 512 372 tota
564 321 862 375 condiendis
918 324 1130 379 altilibus
1156 328 1469 381 ancillaretur
1496 351 1510 379 .·
1543 331 1780 387 thauma-

177 410 313 468 tutga
340 415 363 458 ‚·
403 394 515 448 cum
543 394 703 450 hostes
727 397 903 463 dejecit
932 439 945 462 ,
972 401 1181 472 quando
1203 408 1252 455 in
1282 422 1458 457 monte
1482 406 1637 466 fixus,
1667 427 1778 461 ma-

179 490 304 526 num
342 472 480 525 suam
519 473 581 526 ad
622 476 830 528 DEUM
865 483 1035 532 erexit.
1110 476 1344 549 Stupuere
1394 481 1523 534 hanc
1565 501 1777 538 manum

178 549 431 623 AEgyptij:
464 555 518 602 δε
559 550 783 620 Moysem
822 553 1092 607 Pharaonis
1138 557 1345 610 DEUM
1381 559 1632 611 dixerunt.
1713 563 1780 613 At

173 631 312 679 enirn
342 625 502 696 Moysi
529 626 865 681 STANssLAuM
906 631 1110 699 praefero
1129 669 1144 690 ‚
1177 633 1273 685 hoe
1306 637 1405 704 ipso
1433 673 1447 696 ,
1478 635 1616 704 quod
1650 634 1780 689 divi-

174 721 297 756 nam
334 707 572 756 virtutem
603 704 798 774 propius
827 707 1106 760 aerxiuletur.
1188 710 1300 763 DEI
1331 715 1549 781 potentia
1586 729 1690 764 non
1719 730 1782 766 ex

173 796 333 833 manu
379 816 393 837 ‚
443 779 525 832 sed
561 796 624 831 ex
661 780 825 854 digitis
862 782 1282 845 commendatur„
1347 793 1593 840 Miramur
1620 827 1632 850 ,
1666 794 1782 858 quia

174 855 325 908 tribus
354 853 517 928 digitis
539 858 776 926 appendit
805 859 996 911 molem
1024 874 1162 913 terrae
1189 884 1215 925 ,-
1250 866 1495 915 miramur
1524 902 1537 923 ,
1563 868 1684 934 quia
1725 869 1781 917 in

175 931 333 1005 digito
358 937 488 994 ejicit
517 930 763 987 daemonia
801 951 817 1000 ς
851 941 1092 988 miramur
1114 974 1128 998 ‚
1154 942 1267 1008 quia
1302 939 1419 989 luna
1454 946 1506 992 δε
1545 940 1690 992 stellae
1715 959 1774 992 0-

168 1027 290 1082 pera
312 1008 583 1080 digitorum
614 1009 721 1061 sunt
748 1031 770 1072 ‚·
799 1016 1041 1065 miramur
1065 1052 1079 1075 ‚
1111 1020 1229 1084 quia
1257 1019 1307 1065 in
1337 1031 1440 1066 uno
1481 1014 1638 1087 digito
1674 1017 1778 1067 sur-

176 1084 269 1146 di,
308 1090 434 1137 muti
478 1125 492 1148 ,
522 1094 573 1142 δι
611 1091 728 1138 caeci
757 1101 910 1140 totam
943 1106 1152 1141 manum
1182 1089 1384 1143 sensere.
1462 1093 1619 1145 Etiam
1648 1109 1778 1146 unus

176 1163 448 1216 STANtsLAI
462 1164 658 1236 Digitus
673 1164 818 1217 instar
835 1162 1014 1218 manus
1038 1165 1148 1218 fuit.
1225 1163 1405 1219 Parum
1420 1167 1524 1220 dixi
1545 1181 1780 1222 :centum

177 1258 359 1293 manus
383 1241 640 1310 imperavit.
718 1240 1103 1315 Praedatorignis
1119 1242 1426 1295 ConviEkum
1440 1243 1779 1316 Diliuganum

175 1334 237 1370 ex
258 1315 711 1385 improvisoinvafit
736 1355 749 1378 ‚
765 1324 816 1371 &
834 1318 988 1391 spoliis
1009 1319 1103 1371 suis
1127 1318 1258 1372 adeo
1280 1324 1500 1389 pertinax
1524 1318 1778 1380 incubuit,

182 1408 240 1447 ut
266 1392 443 1446 frustra
475 1393 588 1445 fusae
614 1410 811 1464 preces,
836 1404 889 1451 &
937 1395 1106 1447 altiora
1147 1399 1273 1447 votis
1311 1396 1500 1448 suerint
1531 1394 1781 1457 incendia,

178 1467 416 1525 Tandem
461 1475 669 1522 extorris
706 1470 1099 1526 domesticorum
1144 1472 1273 1526 ordo
1303 1508 1319 1532 ‚
1357 1472 1564 1544 fuligine
1605 1489 1667 1524 ac
1696 1471 1775 1525 sa-

181 1548 300 1601 villa
326 1545 553 1599 sordidus
580 1585 593 1607 ‚
625 1545 685 1598 ad
717 1549 908 1601 Divum
929 1545 1228 1620 Indigenam
1254 1552 1465 1600 aceurrit
1490 1586 1505 1610 ,
1545 1545 1786 1600 thauma·-¹

182 1639 386 1696 turgum
415 1621 589 1675 auffert
611 1626 840 1697 Digitum
868 1664 882 1687 ‚
920 1630 973 1678 δε
1019 1624 1083 1676 ad
1132 1623 1302 1676 locum
1352 1622 1574 1687 incendij
1622 1621 1783 1675 affert.

188 1704 289 1757 Res
365 1705 490 1753 mita
565 1703 669 1754 visu
732 1695 746 1756 2
810 1704 910 1757 Vix
990 1701 1191 1773 Digitus
1265 1704 1439 1773 ignem
1533 1703 1693 1772 tetigit
1768 1714 1789 1764 3

186 1794 405 1831 -avarum
478 1778 788 1832 elementum
857 1794 1069 1829 omnem
1142 1779 1417 1847 potentiam
1478 1776 1640 1829 amifit
1675 1812 1692 1838 ,
1726 1782 1784 1831 δε

181 1855 281 1910 soii
313 1855 431 1925 fuga
476 1853 1005 1917 contentum‚inta&a
1044 1854 1242 1924 reliquit
1274 1890 1290 1912 ,
1330 1870 1441 1923 quae
1484 1852 1642 1904 furori
1677 1856 1784 1920 jam

178 1930 456 1988 destineirat.
536 1934 734 1986 Latuisti
764 1928 1413 1991 haaeuus,Modestissime
1443 1933 1638 1995 juvenis
1674 1967 1688 1992 ,
1726 1938 1783 1985 «Sc

181 2007 398 2065 mirabili
425 2009 714 2062 humilitatis
738 2024 831 2060 tuae
865 2013 1042 2059 virtute
1069 2012 1273 2058 virtutes
1302 2023 1480 2060 omnes
1507 2003 1571 2057 fie
1586 2011 1788 2076 operui-

184 2087 241 2142 sti
270 2125 284 2148 ‚
320 2102 372 2137 ut
398 2103 554 2138 nemo
583 2102 631 2137 te
667 2087 881 2156 Dilingae
921 2082 1090 2136 vixiffe
1134 2082 1343 2134 senserit.
1424 2085 1573 2136 Hanc
1609 2096 1786 2135 tamen

182 2180 342 2217 unam
397 2202 410 2226 ,
448 2178 545 2233 qua
574 2177 768 2216 exteras
806 2166 927 2233 tegis
975 2197 991 2218 ,
1035 2177 1300 2230 nunquam
1339 2173 1468 2230 teges
1505 2178 1530 2220 ,-
1565 2163 1681 2228 quia
1713 2172 1786 2211 ex

184 2260 248 2294 eo
286 2244 384 2306 jam
424 2235 621 2291 dudum
669 2241 896 2308 piurimis
929 2235 1183 2309 gloriosior
1229 2236 1491 2305 apparuisti
1534 2270 1550 2294 ,
1593 2232 1733 2307 quod
1769 2269 1785 2296 ‚

184 2316 303 2396 gum
330 2318 432 2371 talis
450 2332 511 2369 ac
533 2329 701 2370 tantus
727 2314 847 2369 effes
868 2350 887 2376 ‚
927 2331 1035 2368 non
1066 2328 1295 2385 apparete
1331 2312 1558 2365 volueris.
1639 2310 1783 2440 {an-

1703 2401 1794 2447 en}
