1988 2698
172 52 257 126 '56
811 55 938 122 Q(
970 59 1024 116 ὦ
1060 55 1175 122 >3ss

192 179 380 237 scendit
406 178 471 235 ad
495 180 677 233 inferos
713 218 727 241 ,
755 185 808 233 δε
842 180 920 231 vel
951 179 1012 232 ab
1040 179 1244 235 inferno
1281 178 1479 232 corrasit
1517 180 1795 243 coloniam,

188 277 345 330 quarn
388 259 505 311 illuc
539 255 826 309 deduceret.
904 257 1098 309 Divino
1130 259 1368 309 Venatori
1400 274 1546 313 caries
1582 263 1796 313 venatici

190 336 386 389 desunt.
450 337 568 404 Age*
587 369 602 392 ‚
630 340 685 387 δέ
708 337 896 384 animas
919 335 972 383 in
1000 332 1240 400 speluncis
1288 350 1352 384 ac
1386 331 1642 386 recessibus
1671 351 1796 394 nrae-

186 413 323 465 dare.
404 409 583 463 Infelix
626 407 836 461 recessus
871 423 1131 480 peccatum
1167 409 1237 461 est
1282 425 1300 475 3
1342 426 1437 461 nec
1472 409 1681 462 recessus
1715 412 1792 462 so-

185 487 289 540 lum
319 525 333 547 ,
377 487 527 540 sed&
555 486 723 537 infelix
750 490 902 537 etiam
930 483 1160 537 accessus.
1237 484 1468 539 Receffus
1499 482 1526 536 εὶ
1553 485 1791 546 luce,ac.

184 564 338 620 cessus
367 562 430 616 ad
450 561 673 613 tenebras
701 581 721 623 ,·
765 558 978 614 recessus
1008 560 1035 611 ὲ
1065 560 1208 614 DEO
1235 599 1250 623 ,
1281 561 1497 614 accessus
1523 559 1588 614 ad
1616 553 1792 614 Satha-⁴

185 659 318 692 nam.
395 640 614 691 Ovicula
674 639 824 704 ejulat
864 642 992 690 inter
1028 638 1131 707 lupi
1157 636 1333 690 dentes
1386 655 1404 706 3
1442 645 1495 693 &
1549 635 1792 690 subvenis·

180 717 372 770 Turtur
396 719 553 788 gemit
582 719 707 766 inter
722 731 911 786 ungues
926 715 1169 784 accipitris
1194 730 1213 781 3
1253 718 1545 767 &accurris
1628 716 1789 767 Ecce!

180 792 541 847 Formofiffima
578 791 655 844 illa
687 789 876 845 Rachel
915 826 926 850 ,
979 807 1068 859 pro
1105 806 1203 859 qua
1246 788 1472 845 Christus
1511 807 1615 842 non
1663 805 1787 860 qua·

178 869 458 925 tuordecim
483 904 498 927 ,
555 869 635 919 sed
663 870 802 917 annis
829 870 1021 938 triginta
1061 864 1210 919 tribus
1236 864 1395 919 serviit
1429 905 1442 928 ‚
1471 864 1621 918 haeret
1660 870 1786 917 intra

179 949 348 1001 fauces
374 945 624 999 infernalis
646 944 881 995 draconis
908 964 933 1004 ,⁴
955 943 1199 1012 opitulare
1227 979 1244 1005 2
1281 942 1485 997 DEUM
1513 959 1632 1013 urge
1674 959 1784 1010 pre..

175 1023 309 1075 cibus
339 1060 354 1083 ,
384 1036 677 1093 peccantem
705 1020 925 1074 monitis.
985 1016 1148 1072 Suade
1181 1017 1417 1091 exempl&
1449 1057 1461 1079 ,
1486 1021 1784 1074 concinnare

176 1098 420 1154 modestia
444 1136 458 1160 ,
499 1103 651 1150 vitam
683 1097 807 1148 offer
833 1134 847 1156 ,
872 1095 1166 1169 sanguinem
1197 1113 1322 1165 para.
1408 1095 1529 1148 Noli
1560 1133 1573 1155 ‚
1601 1090 1780 1162 quaes0‚

172 1174 470 1229 excusarete
494 1209 508 1233 ‚
555 1171 696 1246 qund
721 1171 856 1226 nulla
872 1169 938 1225 ad
958 1171 1006 1226 id
1030 1172 1138 1244 lege
1157 1176 1363 1225 tenearis
1388 1195 1400 1226 ε
1430 1185 1512 1222 aut
1529 1188 1623 1243 ego
1635 1167 1783 1236 jube·
1820 1186 1823 1188 ·

173 1252 267 1315 bo,
292 1252 598 1307 Salvatorem
627 1264 773 1303 tuum
788 1247 853 1301 de
881 1265 1031 1300 cruce
1055 1246 1360 1302 descendere
1389 1285 1403 1307 ,
1434 1252 1514 1299 cui
1537 1246 1604 1297 tui
1633 1263 1776 1297 amo.

288 1325 532 1384 reaffixus
548 1327 710 1381 haeret,
755 1326 869 1378 Nee
905 1327 1045 1378 enirn
1082 1324 1179 1375 ulla
1204 1325 1316 1397 lege
1338 1339 1533 1378 tenetur
1559 1359 1576 1385 ,
1613 1336 1667 1375 ut

599 1418 703 1457 tam
727 1420 846 1456 caro
875 1399 1121 1474 sanguinis
1138 1400 1205 1454 sui
1234 1418 1346 1474 pre-

785 1483 915 1531 tiote
937 1475 1164 1540 redimat.

1588 2276 1779 2381 XXV..
