2029 2708
203 95 269 143 2⁸
831 95 958 161 eae(
989 101 1042 158 ›1‹
1075 79 1195 165 53&

199 213 582 269 calumnientur
607 216 759 288 usque
783 215 848 272 ad
876 220 1181 289 satietatem3
1220 218 1341 293 quid
1376 219 1457 276 tua
1498 221 1700 277 tandem
1728 229 1808 278 in-

209 292 383 345 terest?
425 292 662 346 Mortales
692 294 830 356 sunt,
857 301 908 349 δέ
926 296 1145 370 fragiles,
1171 305 1222 352 δε
1251 299 1367 350 lutei
1383 320 1412 363 ,0
1443 304 1530 371 qui
1557 298 1708 352 hodie
1735 300 1812 352 su'-

205 365 467 435 perbiunt,
488 375 541 422 &
568 387 674 422 cras
700 386 805 422 non
849 389 1148 444 comparent
1180 374 1403 444 amplius.
1482 376 1529 428 Si
1554 380 1660 446 quis
1689 394 1806 428 cau-

204 444 301 502 les,
333 441 364 494 fi
392 443 597 517 fungos,
629 445 660 497 fi
687 463 981 502 cucumeres
1017 449 1234 512 diceret,
1271 452 1488 505 multum
1528 451 1642 503 sane
1670 450 1811 504 dice'-

202 535 312 582 ret‚·
353 520 519 574 minus
541 525 681 573 enim
709 521 834 576 dixit
856 525 951 595 ipsa
979 525 1255 596 Sapientia,
1279 527 1487 598 quando
1520 545 1623 578 non
1644 523 1808 581 unutti

202 594 469 649 hominem
486 633 500 656 ,
529 595 610 650 {ed
636 598 884 653 universas
908 619 1076 674 gentes
1101 619 1367 657 momento
1394 605 1591 663 staterae,
1613 609 1661 657 δε
1694 619 1809 676 gut-

200 688 261 724 tae
286 677 406 725 roris
438 674 723 726 antelucani
761 682 1088 747 comparavit.
1171 679 1539 754 Cave,fungos
1565 687 1615 734 δε
1645 682 1811 745 caules

197 749 345 802 DEO
371 741 616 819 praeferas!
658 751 827 814 Cave,
861 755 1035 806 salaces
1060 753 1298 808 sodalium
1322 760 1460 821 jocos
1504 775 1601 827 prae
1633 759 1810 828 Augu-

202 823 402 877 stiffima
428 841 508 879 tua
540 827 710 878 Matre
735 827 903 882 audias
942 824 954 884 l
994 832 1164 894 Cave,
1196 849 1261 884 ne
1289 831 1399 885 leve
1441 848 1667 886 moretur
1699 850 1807 884 vet-

198 900 374 954 bulum
392 940 407 963 ,
434 919 587 973 quem
605 905 777 957 DEUS
807 921 1142 978 urget,quem
1170 908 1383 960 tutelaris
1408 910 1599 980 instigat
1626 902 1638 962 !
1695 910 1804 981 Ag-

198 976 406 1050 gredere
435 1017 449 1040 ,
475 979 612 1049 quod
655 981 900 1051 suscepisti
924 1003 946 1042 ‚·
986 981 1125 1054 quod
1159 985 1430 1054 arripuisti,
1453 998 1583 1036 tene.
1606 1039 1626 1063 ⁶
1663 982 1808 1058 Quid

195 1072 332 1106 amas
357 1068 569 1109 terram?
604 1056 733 1109 Arna
749 1062 903 1110 vitam
921 1075 1177 1113 aeternam.
1261 1058 1402 1134 Quid
1426 1065 1573 1112 times
1600 1060 1806 1130 probra?

196 1129 350 1183 Time
374 1130 681 1194 gehennam.
762 1135 924 1197 Ama,
945 1143 998 1189 &
1029 1140 1164 1189 time.
1245 1137 1404 1200 Ama,
1434 1135 1570 1208 quod
1596 1143 1805 1207 promit-

196 1212 250 1258 tit
277 1208 453 1261 DEUS
466 1230 491 1271 ;
531 1225 627 1261 nec
658 1227 946 1280 corrumpet
974 1229 1021 1264 te
1038 1251 1050 1273 ‚
1076 1211 1213 1283 quod
1238 1219 1478 1283 promittit
1504 1211 1672 1264 homo.
1713 1211 1762 1264 T
1765 1219 1806 1264 i-

195 1301 312 1344 me,
337 1284 472 1354 quod
501 1287 968 1355 minatur'DEU83
1009 1305 1104 1341 nee
1148 1288 1376 1347 terrebit,
1406 1289 1542 1360 quod
1586 1293 1807 1339 minatur

193 1358 368 1413 homo.
412 1361 455 1412 A
482 1361 615 1432 lapsu
649 1370 1005 1434 protoparentis
1029 1370 1082 1417 in
1107 1368 1252 1417 omni
1293 1363 1496 1436 posthae
1538 1379 1679 1416 aetate
1702 1403 1715 1426 ‚
1743 1371 1799 1420 &t
1847 1393 1850 1396 ⁴

195 1437 768 1509 sexu,agereneceffum
813 1441 913 1502 est,
947 1441 1076 1494 dum
1123 1443 1276 1494 vitam
1318 1449 1542 1513 agimu83
1581 1449 1633 1494 δε
1676 1444 1805 1510 pati,

193 1515 362 1583 quoad
390 1528 606 1567 mortem
634 1520 888 1583 patiamur.
972 1517 1235 1587 Sexaginta
1266 1516 1370 1569 fere
1396 1516 1686 1570 saeculorum
1720 1521 1800 1569 in-

191 1594 325 1657 jurijs
346 1594 556 1642 irritatus
572 1592 1015 1663 DEUS‚exspe&at
1040 1592 1205 1646 adhuc
1229 1597 1485 1646 interitum
1506 1592 1716 1653 mundi,
1747 1608 1804 1646 ut

195 1664 390 1738 longius
431 1670 530 1736 pati
574 1667 722 1736 poffit.
763 1668 906 1728 Iino,
933 1668 1064 1740 quasi
1106 1673 1293 1733 injuriae
1321 1686 1426 1720 non
1460 1668 1622 1721 ‘effent
1662 1668 1797 1729 satis,

194 1742 391 1796 dolores
415 1741 609 1796 addidit
623 1766 648 1806 ;
686 1743 972 1798 humanum
1010 1761 1192 1816 corpus
1227 1743 1407 1806 induit,
1437 1760 1489 1796 ut
1517 1744 1589 1797 bis
1614 1760 1802 1816 pateret

190 1817 476 1890 opprobriis.
554 1820 781 1891 Qando
821 1820 1028 1875 indutus
1060 1837 1293 1892 purpura,
1319 1827 1372 1875 &
1405 1838 1671 1874 coronatus
1711 1823 1803 1892 spi-

192 1899 286 1955 nis,
318 1901 368 1947 in
392 1896 529 1948 ferali
553 1897 698 1948 scena
733 1899 926 1971 Regem
969 1897 1142 1972 agebat
1177 1896 1332 1950 Assor
1368 1895 1594 1957 Nobilis,
1629 1897 1800 1950 tributi

191 1974 405 2024 nomine
442 1972 605 2043 alapas
646 1974 874 2047 collegit,
902 1982 956 2029 &
998 1974 1268 2027 scommata
1282 1990 1302 2041 3
1345 1975 1694 2047 gratulationes
1718 1975 1796 2026 lu-

190 2047 353 2103 dicras
381 2051 553 2100 tacitus
574 2054 799 2120 excepit3
842 2050 949 2103 imo
986 2049 1099 2103 cum
1141 2049 1379 2102 Palatium
1419 2050 1686 2124 augustum
1718 2053 1830 2101 ni?

190 2130 289 2179 mis
315 2125 443 2177 foret
463 2129 585 2181 Viro
618 2124 974 2180 defideriorum
999 2165 1012 2188 ,
1046 2124 1219 2201 agebat
1246 2127 1426 2179 Pilatus
1465 2125 1690 2192 desiderij
1715 2128 1795 2177 in·

191 2216 455 2272 terpretcm
472 2238 488 2262 ,
512 2202 706 2256 &foras
732 2202 932 2264 eduxit,
960 2208 1074 2256 utin
1091 2201 1287 2274 publico
1312 2203 1497 2260 facilius
1519 2201 1794 2273 opprobriis

191 2277 500 2332 saturaretur.
580 2272 737 2340 Ecce!
776 2280 1022 2333 Miracula
1046 2280 1160 2331 fecit
1184 2280 1384 2342 DEUS,
1414 2295 1468 2331 ut
1495 2283 1593 2350 pati
1626 2275 1789 2349 posset.

260 2353 471 2430 Pudeat,
488 2351 575 2409 sub
602 2355 792 2427 spinoso
814 2360 974 2429 capite
997 2353 1287 2439 membrum
1299 2356 1399 2411 estc
1419 2357 1777 2485 delicatutxzim
