2029 2708
862 99 977 165 effi<
1008 105 1060 158 ὦ
1099 99 1220 164 >Q
1762 115 1840 158 '⁴³⁷

233 215 1846 314 ffiffiffimenffiffiffiffiffi

986 386 1096 471 X,

391 535 507 590 Uod
533 541 689 592 Lunae
716 554 982 612 argentum
1015 540 1143 589 iuter
1182 532 1334 589 fidera
1361 573 1375 596 ,
1418 533 1516 588 hoe
1551 537 1661 602 Lilij
1701 537 1844 595 nives

239 539 634 694 Qhortenfia
664 620 790 667 inter
821 616 1001 668 florum
1031 614 1230 666 decora.
1312 613 1398 664 Illa
1421 630 1514 663 ceu
1532 614 1724 685 Regina
1744 616 1846 664 mi-

236 711 380 746 noies
408 696 533 743 inter
560 697 698 765 ignes
726 691 936 745 chorum
966 690 1101 744 ducit
1125 712 1151 754 ,-
1172 688 1296 742 istud
1314 725 1327 746 ‚
1346 690 1479 739 velut
1508 690 1655 740 altera
1683 689 1842 749 Flora,

236 785 535 820 coronatum
567 769 705 837 super
731 771 852 820 alios
881 774 1116 819 verticem
1154 763 1294 818 effert
1335 802 1349 824 ‚
1391 772 1442 817 δέ
1475 768 1560 816 toti
1583 763 1715 834 quali
1737 769 1846 829 jura

240 844 421 897 florum
454 843 755 914 Reipublicae
778 843 1031 914 dispensat.
1114 840 1355 913 Nymphis
1382 842 1504 894 olim
1545 839 1846 894 santificatu-

239 926 279 973 ti
310 937 524 979 vetereS,
553 920 657 991 qui>
676 920 881 993 dignam
919 919 1128 974 hostiam
1168 920 1490 972 immolarent
1520 956 1534 979 ,
1566 917 1724 968 lilium
1752 914 1847 966 ob-

239 998 492 1064 tulerun13
520 999 804 1069 Virginibus
839 1015 1024 1066 nempe
1057 994 1236 1047 florum
1268 997 1556 1068 Virginem,
1597 992 1847 1062 Nymphis

239 1073 525 1124 horientem
556 1075 720 1126 Deam
742 1091 759 1140 3
783 1077 832 1124 in
866 1090 963 1142 qua
995 1070 1186 1124 candor
1219 1070 1318 1122 fine
1357 1072 1580 1131 macula,
1620 1069 1847 1122 venustas

243 1149 346 1201 sine
372 1148 506 1209 labe,
530 1148 847 1218 pulchritudo
888 1149 991 1200 fine
1036 1144 1357 1200 offendiculo.
1437 1143 1725 1199 Ptotuberat
1751 1161 1849 1196 no-

241 1224 346 1277 bilis
370 1223 470 1276 haec
495 1223 623 1276 horti
646 1225 741 1276 filia
767 1224 794 1277 ἐ
821 1224 1071 1279 foecundis
1098 1239 1235 1275 terrae
1271 1222 1533 1276 visceribus
1556 1259 1571 1284 ,
1599 1228 1651 1275 δί.
1680 1225 1847 1275 viren-

242 1302 366 1351 tibus
407 1301 568 1369 prim&
607 1302 843 1354 foliorum
893 1301 1157 1354 constrista
1205 1299 1357 1369 fasciis
1384 1341 1399 1362 ,
1425 1301 1678 1352 matutino
1703 1314 1844 1357 rore,

242 1375 376 1447 quali
408 1378 627 1429 Nutricis
661 1378 864 1430 Aurorae
898 1377 1053 1437 ladie,
1085 1378 1290 1446 pascitur
1316 1397 1343 1440 ,·
1393 1377 1562 1428 donec
1609 1372 1848 1427 floridam

166 1471 169 1473 ’
239 1452 303 1505 ad
330 1467 522 1504 aetatem
554 1457 810 1522 perveniat
833 1489 849 1512 ,
885 1467 1037 1524 atque
1083 1451 1288 1504 laeteam
1327 1451 1561 1504 foliorum
1600 1466 1844 1521 pompam

240 1528 482 1598 explicet,
506 1529 608 1599 qut>
634 1528 981 1599 spectatoribus
1013 1527 1170 1580 oculis
1205 1528 1408 1597 placeat.
1486 1531 1544 1582 Et
1587 1525 1707 1578 verb
1747 1541 1844 1577 nee

237 1603 405 1671 amasi)
428 1603 633 1665 desunt,
663 1610 752 1677 qui
778 1603 1028 1677 Nymphae
1061 1602 1205 1666 hujus
1241 1605 1553 1658 venustatem
1592 1601 1843 1656 ambiunt.

240 1680 397 1732 Pleno
422 1679 485 1734 ad
515 1680 646 1733 hane
669 1686 878 1754 agmine
900 1698 1017 1752 apes
1056 1680 1328 1732 convolant
1350 1716 1365 1740 ‚
1393 1688 1446 1734 δι
1482 1679 1716 1732 melleam
1743 1682 1845 1744 ejus

240 1756 599 1808 amabilitatem
630 1771 896 1827 procantur
924 1760 1062 1828 proci
1096 1759 1390 1808 innocentes
1415 1776 1441 1820 ,-
1489 1755 1521 1807 fi
1560 1771 1732 1825 procos
1769 1768 1843 1818 taff

241 1847 361 1883 men
386 1868 401 1892 ,
427 1839 480 1886 δε
510 1849 613 1884 non
637 1835 866 1906 Virgines
892 1831 1050 1904 potius
1090 1830 1338 1885 innubem
1361 1831 1495 1885 hanc·-
1528 1845 1733 1904 gentem
1762 1828 1842 1898 dig

239 1911 379 1960 xeris.
462 1910 575 1963 Nec
601 1912 789 1982 ingrata
817 1912 948 1975 Lilijs
985 1906 1220 1962 videntur
1263 1907 1369 1961 haee
1399 1905 1703 1962 melissarum
1741 1906 1844 1959 stu—

242 1983 341 2043 dia.
370 1984 647 2057 Argenteos
668 1991 804 2039 enim
833 1986 1029 2039 Calices
1053 1989 1106 2054 ijs
1121 1988 1406 2055 propinant,
1437 2002 1498 2036 ex
1523 1982 1703 2053 quibus
1721 1981 1842 2039 mel,

243 2077 335 2116 ceu
361 2065 542 2113 amoris
568 2060 803 2132 philtrum
822 2101 835 2124 ‚
860 2061 1064 2135 sugunt,
1095 2078 1201 2132 quo
1234 2059 1378 2113 ebria:
1405 2075 1528 2113 totas
1560 2057 1663 2111 dies
1693 2061 1844 2109 inno-

241 2150 414 2189 center
440 2143 565 2190 inter
591 2138 687 2189 lilia
716 2138 1014 2194 deliciantur
1043 2174 1058 2199 ‚
1095 2139 1326 2209 Virgines
1364 2154 1482 2189 cum
1523 2133 1841 2206 Virginibu2,

240 2215 533 2268 innocentes
558 2231 676 2267 cum
702 2213 1079 2280 innocentibus:
1118 2209 1538 2286 Hospitibusfides
1560 2207 1839 2284 dtgnifflmae

240 2292 425 2341 tantis.

969 2368 1009 2424 E
1053 2384 1076 2436 3
1731 2361 1840 2430 Qui
