1988 2698
797 131 923 198 0³33<
968 137 1021 192 ὦ
1077 129 1208 197 >ἓέἓ
1795 142 1868 193 91‘

243 259 429 333 potest.
508 257 666 313 Etiam
694 256 805 308 coci
832 269 1008 306 nutum
1027 253 1254 306 exhaurit
1268 250 1392 304 caeca
1407 251 1632 321 sapientia
1655 293 1666 315 ,
1697 271 1849 326 quam

261 336 437 390 sciebat
465 336 710 387 oculatam
743 332 899 384 DEO.
980 333 1115 384 Hinc
1140 333 1398 400 Aquaviva
1425 330 1623 380 demere
1655 339 1848 404 cogitur

255 414 395 485 ligna
421 450 435 473 ,
456 428 564 481 quae
592 424 861 461 numerum
900 406 1153 476 superant,
1179 424 1331 475 quem
1369 404 1569 477 fingulis
1596 406 1844 461 itineribus

255 500 608 541 numeraverat
643 500 805 540 cocus.
883 482 1022 535 Paret
1058 481 1213 534 libens
1242 521 1255 543 ‚
1293 485 1376 552 qui
1414 480 1693 551 praepesitus
1738 498 1842 535 erat

253 562 597 621 Claudius‚·&
619 578 772 631 quem
801 555 828 609 ὲ
853 556 1098 628 superiore
1131 573 1383 630 acceperat
1418 557 1713 629 discipulum
1730 576 1837 619 ,re-

252 641 402 695 stituit
426 636 720 690 obedientiae
735 636 1049 707 Magistrum.

415 712 494 766 Ab
521 750 536 773 ,
572 730 725 782 quam
749 711 814 764 de
829 716 1046 763 minimo
1077 713 1254 781 perivit
1271 707 1519 770 Adamus‚
1545 703 1838 769 Timor—hee!

245 793 513 862 Qantum
532 789 722 841 malum
738 788 899 840 attulit
929 787 1087 839 malus
1110 778 1127 841 l
1154 787 1307 838 Parva
1346 787 1454 838 sunt
1477 785 1619 838 rebus
1646 791 1784 839 initia
1808 807 1837 852 ,-

241 863 664 920 finisimmodicus
678 865 763 917 est.
844 865 891 917 A
919 867 1140 916 minim-is
1166 863 1236 916 est
1262 861 1527 917 exordium
1555 886 1567 915 ι
1591 863 1642 916 fit
1657 862 1837 936 gradus

241 941 304 995 ad
322 946 503 1007 majora
528 961 539 989 :
565 939 768 993 tandem
785 944 1062 1010 pervenitur
1075 939 1139 992 ad
1154 942 1388 992 maxima.
1468 940 1693 992 Unicum
1721 957 1834 992 are..

239 1036 313 1070 ηπ
326 1035 538 1090 granum
569 1016 1104 1086 sumptisincrementis
1125 1016 1357 1068 excrescit
1382 1020 1434 1067 in
1466 1030 1714 1068 montem.
1752 1016 1836 1068 Fi·

238 1095 348 1146 lum
376 1094 602 1163 capillare
626 1088 907 1144 incrassatur
934 1097 984 1143 in
1011 1092 1292 1144 rudentem.
1367 1093 1518 1144 Gutta
1549 1093 1845 1144 intumescit

239 1173 292 1222 in
321 1187 580 1221 oceanum.
658 1170 864 1242 Qanto
894 1166 1152 1222 Danubius
1181 1169 1320 1219 alveo
1344 1173 1395 1220 in
1415 1168 1635 1220 Pontum
1677 1170 1830 1222 Euxi-

237 1262 360 1297 num
393 1245 497 1296 sese
521 1242 733 1299 effundit
758 1257 774 1298 ,>
802 1246 858 1299 Et
883 1244 1032 1314 quam
1055 1242 1265 1295 modicis
1292 1242 1529 1296 natalibus
1555 1250 1605 1296 in
1636 1244 1827 1297 Sueviae

238 1320 474 1390 planitie&
501 1336 638 1372 terrae
651 1338 792 1372 utero
821 1321 1052 1388 prostillat
1074 1333 1094 1373 ἓ
1131 1319 1288 1391 Quod
1316 1324 1364 1372 in
1388 1337 1592 1381 natura,
1619 1320 1755 1374 idem
1773 1325 1826 1374 in

236 1395 454 1448 moribus
467 1396 716 1448 observare
740 1396 827 1448 est.
856 1396 1029 1449 Nemo
1054 1411 1255 1466 repente
1289 1395 1342 1447 fit
1372 1395 1628 1465 peffimus,
1657 1414 1752 1451 nec
1765 1417 1826 1449 o-

233 1478 433 1542 ptimus.
511 1474 623 1524 Erat
649 1469 866 1542 primum
908 1477 960 1522 in
973 1471 1098 1533 Juda
1125 1490 1268 1524 amor
1293 1471 1604 1533 inordinatus
1633 1474 1824 1526 loculo-

229 1566 342 1599 rum
370 1564 388 1613 3
420 1546 857 1617 proccffitsubinde
880 1546 942 1599 ad
958 1551 1210 1600 avaritiam
1226 1586 1238 1609 ,
1255 1554 1307 1602 &t
1332 1550 1568 1600 alimenta
1591 1555 1820 1620 pauperi-

229 1620 318 1675 bus
332 1623 539 1683 abstulit,
556 1639 680 1675 mox
695 1626 843 1674 etiam
857 1624 1062 1676 DEUM
1103 1621 1204 1685 fibi,
1284 1624 1454 1677 Mirari
1471 1625 1759 1686 volueram,
1786 1628 1822 1683 fi

230 1697 455 1768 potuiffet
474 1699 770 1767 perseverare
785 1716 903 1751 cum
922 1699 1139 1760 Christe,
1176 1703 1261 1769 qui
1277 1718 1543 1771 pauperem
1562 1720 1665 1754 uon
1681 1721 1824 1758 ama..

229 1788 314 1824 ret.
394 1776 527 1827 Hine
551 1773 610 1825 ab
623 1777 820 1826 avaritia
838 1770 1045 1826 ventum
1061 1775 1122 1828 ad
1141 1775 1507 1844 proditionem,
1534 1775 1560 1828 a
1583 1772 1821 1848 proditio-¹

227 1865 291 1900 ne
318 1847 380 1900 ad
407 1849 751 1903 venditionem
779 1851 892 1904 DEI
914 1886 929 1910 ,
952 1849 981 1901 a
1004 1849 1297 1904 venditione
1318 1850 1383 1905 ad
1411 1853 1643 1921 laqueum
1660 1895 1673 1916 ,
1699 1854 1726 1907 a
1743 1858 1814 1912 la-

224 1940 357 1992 queo
378 1924 437 1976 ad
454 1943 645 1979 orcum.
721 1927 791 1978 Ita
816 1943 899 1997 per
914 1926 1020 1978 suos
1047 1927 1225 1999 gradus
1252 1928 1458 1998 profecit
1481 1932 1730 1999 impietas,
1760 1942 1817 1991 86

223 1997 346 2050 dum
364 2017 505 2051 avara
531 1999 627 2053 esse
653 2002 839 2063 voluit,
869 2001 1247 2076 prodigaliffima
1277 2004 1455 2058 exstitit
1480 2021 1499 2072 3
1534 2011 1648 2076 quia
1670 2011 1815 2063 inex-

221 2073 452 2127 haustum
480 2082 704 2131 aerarium
742 2081 889 2131 unica
927 2077 1170 2133 effufione
1201 2077 1497 2153 abligurivit.
1578 2085 1815 2142 Daemoni

219 2167 285 2202 ne
300 2148 411 2202 fide.
500 2154 619 2204 Non
645 2153 864 2206 sollicitat
887 2160 1049 2225 primo
1078 2157 1236 2211 statim
1263 2156 1441 2210 affultu
1458 2172 1612 2212 totam
1630 2165 1810 2217 anima:

219 2223 542 2278 deditionem.
646 2229 868 2282 Demisse
901 2232 1108 2302 postulat
1133 2234 1408 2305 alloquium
1460 2249 1479 2300 3
1527 2232 1711 2290 deinde
1726 2257 1809 2293 ae-

217 2299 403 2355 ceffum
432 2307 552 2375 petit
572 2301 635 2359 ad
658 2301 799 2360 foffas
846 2323 866 2378 5
913 2323 1019 2361 tum
1045 2306 1241 2362 demitti
1262 2309 1367 2363 vult
1393 2307 1654 2364 sublicium
1679 2331 1807 2383 pon-

394 2397 396 2399 ’
1075 2385 1137 2440 Μ
1177 2406 1211 2445 2·
1654 2405 1759 2445 tem
1777 2411 1811 2461 ,τ
