2029 2708
202 142 277 183 42
831 129 1195 199 &wldffi

211 250 350 300 navit
365 247 626 304 Noemum
642 271 669 315 ;
692 256 747 306 δε
771 250 1008 305 omnibus
1030 289 1046 313 ,
1073 254 1159 323 qui
1185 266 1319 306 extra
1344 253 1527 308 Arcam
1552 254 1812 326 praesume.

208 322 330 377 bant
349 327 602 380 vi&oriam
621 366 632 387 ‚
647 327 776 381 triste
791 326 854 379 ad
859 346 971 399 gem
980 333 1049 381 uit
1063 352 1077 381 .·
1093 339 1182 398 Re
1191 343 1361 400 pereas
1376 369 1390 393 ,
1419 333 1579 392 intra,

376 400 467 454 Etfi
484 419 670 474 magna
687 404 932 460 Coclitum
951 406 1146 480 Regina
1178 423 1356 458 omnes
1384 411 1603 459 omnino
1629 425 1818 463 morta-

206 475 273 527 les
286 492 456 528 amore
470 479 735 548 depereat,
773 480 1034 534 fatendum
1066 498 1234 535 tamen
1264 483 1364 543 est,
1393 500 1493 534 non
1523 483 1632 535 raro
1660 490 1813 538 etiam

142 604 146 605 ⁷
204 553 630 606 Illustrescerasin
646 561 785 610 terris
811 556 1064 628 quaefiiffe.
1141 560 1212 610 Ita
1236 557 1386 612 hodie
1409 559 1699 612 Stanislaum
1731 561 1816 614 fibi

205 627 440 696 sponsum
481 631 616 702 eligit
643 667 659 692 ,
690 641 744 689 δε
780 639 1080 686 nominatim
1115 633 1356 688 admonet
1385 673 1400 696 ,
1426 649 1479 688 ut
1518 636 1816 692 Societatem

195 703 692 778 JESUingrediatur3
709 710 968 780 postquam
985 709 1162 762 Arrbae
1188 711 1300 763 loco
1324 709 1650 764 decumbenti
1680 714 1811 766 sani-

203 795 352 832 tatem
373 780 530 835 dedit.
615 784 795 837 Erravi.
836 786 1040 838 Sanavit
1063 801 1305 859 aegrotum
1322 788 1505 850 JESUS
1530 825 1543 846 .
1572 795 1624 841 δε
1646 790 1812 853 JEsui.

202 871 306 910 tam
324 858 578 911 inchoavit
593 875 609 925 3
625 859 890 915 succedens
904 863 1136 933 DEIpara
1151 900 1164 922 ,
1182 863 1482 926 utJEsuitam
1503 863 1758 933 perficeret
1805 904 1820 928 ,

202 932 495 988 Marianum
539 934 682 989 fecit.
767 937 994 992 Multum
1044 939 1177 995 certe
1225 939 1471 993 debemus
1512 940 1811 995 Coelestibus

201 1008 488 1064 Archiatris.
567 1009 726 1085 Prope
758 1013 853 1066 fuit
884 1054 896 1075 ‚
926 1031 979 1066 ut
1005 1033 1289 1068 careremus
1311 1016 1562 1069 StanislaO.
1641 1019 1814 1069 Matu..

201 1101 396 1140 tuserat
411 1091 694 1152 aeternitati,
716 1098 770 1146 δε
789 1090 986 1144 volebat
1002 1092 1079 1144 illa
1095 1091 1372 1145 subtrahere
1388 1096 1617 1161 tempori.
1701 1094 1811 1145 An-

201 1162 379 1216 nosum
404 1162 642 1227 credidit,
669 1165 795 1221 dum
824 1172 1000 1220 merita
1028 1167 1150 1221 vidit
1162 1188 1186 1231 ,·
1208 1175 1261 1223 &
1286 1174 1512 1235 injuriam
1541 1167 1812 1238 putabat‚s1

199 1243 414 1308 tempori
438 1239 683 1295 redderet.
767 1245 830 1296 At
859 1249 999 1297 enim
1023 1245 1254 1299 amarunt
1280 1245 1435 1315 superi
1477 1246 1736 1317 Diliugam
1798 1282 1812 1306 ,

201 1322 255 1370 δι
280 1316 518 1369 Romam.
597 1321 689 1372 His
716 1321 961 1373 restitutus
987 1321 1058 1374 est
1084 1358 1098 1380 ‚
1128 1337 1183 1372 ut
1207 1321 1440 1381 nondum*
1477 1320 1812 1374 Academicus

203 1391 328 1446 duas
352 1390 556 1446 doceret
583 1393 902 1450 Academias.
994 1398 1131 1451 Nam
1164 1402 1245 1449 vix
1273 1396 1301 1449 ἐ
1328 1398 1455 1451 Ιεᾶο
1485 1397 1756 1449 surrexerat
1795 1432 1812 1457 ,

201 1472 306 1521 voti
333 1469 710 1524 Sacramentum
739 1471 868 1536 dixit
898 1512 912 1535 ,
943 1492 1048 1544 quo
1077 1473 1122 1525 se
1146 1472 1472 1546 ingressurum
1512 1473 1809 1526 Societatem

201 1542 482 1599 obstrinxit.
579 1547 870 1603 Secundum
915 1549 1015 1601 hoc
1042 1547 1203 1619 saepius
1255 1550 1432 1620 Magio
1467 1587 1481 1608 ,
1542 1551 1809 1602 Austriacae

200 1622 475 1677 Provinciae
507 1623 699 1677 Praefidi
725 1664 737 1685 ,
787 1625 992 1695 supplex
1033 1623 1257 1678 accidere
1291 1661 1305 1683 ,
1361 1625 1567 1696 fatigare
1588 1642 1690 1676 aras
1752 1632 1809 1699 ὃς

202 1699 421 1768 templa,
446 1715 824 1754 omnestentate
851 1706 950 1753 vias
967 1702 1041 1769 3Si
1058 1699 1155 1772 qua
1171 1700 1555 1753 forteinveniret
1570 1699 1760 1752 aditum
1788 1738 1805 1761 ,

203 1773 306 1846 quo
324 1793 436 1827 vota
461 1774 733 1846 rapiebant.
808 1777 1024 1832 Dudum
1064 1793 1272 1830 noverat
1307 1814 1322 1838 ,
1378 1779 1554 1831 statum
1587 1777 1807 1848 Religio-

202 1852 311 1905 sum
334 1853 516 1905 Arcam
530 1852 625 1906 effe
641 1855 815 1907 Divini
833 1856 1022 1907 Noe'mi
1044 1853 1137 1914 ,ad
1165 1872 1320 1925 quam
1351 1871 1453 1905 non
1483 1851 1567 1904 nifi
1592 1855 1805 1905 consan-

200 1930 1033 2002 guineosiuosinvitatmbisecure
1052 1935 1234 1983 vivitur
1262 1970 1277 1994 ,
1303 1929 1427 1982 dum
1455 1930 1569 1981 foris
1597 1927 1804 1981 flustua·

201 2017 283 2056 tur
296 2026 320 2067 ,-
338 2003 523 2057 sincere
539 2004 753 2066 ridetur,
778 2006 901 2061 dum
919 2007 1035 2061 foris
1052 2008 1265 2079 ploratur
1288 2027 1310 2068 ,-
1333 2007 1417 2058 ubi
1433 2009 1634 2061 victoria
1647 2042 1662 2066 ,
1677 2005 1804 2060 dum

199 2080 318 2134 foris
344 2081 413 2135 est
438 2081 588 2153 fuga3
611 2081 692 2135 ubi
717 2083 1026 2154 triumphus,
1051 2085 1173 2137 dum
1202 2084 1323 2136 foris
1349 2087 1591 2135 interitus.

369 2159 426 2212 Et
449 2157 559 2217 tibi,
587 2157 892 2220 Timorhee‚
916 2159 1170 2214 Columba
1202 2161 1423 2234 adgemit
1459 2182 1471 2211 :
1510 2175 1573 2211 ne
1599 2171 1800 2229 pereas,

200 2235 362 2287 intra.
440 2234 511 2285 Ut
544 2249 684 2288 tanto
735 2237 909 2289 favore
952 2234 1165 2309 dignum
1211 2238 1255 2289 se
1303 2235 1478 2289 reddat
1517 2235 1803 2295 Stanislaus,

198 2315 297 2379 jam
328 2310 576 2379 ignatium
613 2329 891 2374 reveretur,
922 2327 974 2365 ut
1002 2315 1194 2366 Patrem
1215 2350 1228 2372 ,
1270 2320 1356 2384 qui
1388 2310 1616 2365 nondum
1645 2310 1804 2361 susce-

203 2402 311 2459 ptus
322 2385 390 2442 est
404 2392 457 2442 in
471 2387 651 2465 filium.
691 2390 1077 2465 Nihilunquam
1103 2389 1301 2446 sollicite
1314 2387 1472 2466 magis
1494 2392 1621 2463 egit,
1647 2387 1801 2458 quam

1753 2480 1814 2519 ut
