2029 2708
829 132 944 200 423&
976 137 1034 194 ›1‹
1067 131 1194 199 >Q
1760 144 1825 200 23

215 261 319 317 dies
343 276 426 332 per
444 254 823 313 hebdomadem
847 259 997 324 jejuni
1014 295 1027 319 ‚
1069 256 1251 310 caeteris
1272 250 1444 310 diebus
1464 253 1606 311 cibus
1626 253 1724 329 ipse
1748 259 1824 324 je?-

217 344 415 408 junium
444 337 547 388 fuit.
627 337 849 389 Noverat
873 333 1081 394 scilicet,
1104 333 1206 386 sine
1225 331 1421 386 Baccho
1449 342 1502 389 &t
1519 333 1704 386 Cerere
1719 335 1827 388 Fri-

218 435 334 490 gere
357 419 624 468 Venerem.
704 410 910 483 Flagella
948 417 1001 464 &
1034 410 1211 463 Cilicia
1239 416 1469 480 quamvis
1503 410 1675 480 sponte
1705 416 1825 463 cut-⁸

220 498 347 546 renti
373 489 668 560 corpusculo
703 486 943 541 admovet
967 526 980 550 ,
1017 504 1171 561 neque
1209 486 1341 540 node
1378 485 1406 538 ἆ
1441 484 1641 540 verbere
1664 486 1820 556 ceffitt.

220 571 457 624 Praeterea
483 561 704 635 precibus
731 569 794 616 ita
823 561 1008 635 ubique
1032 568 1154 616 vivit
1182 561 1436 627 addictus,
1467 582 1521 618 ut
1544 563 1685 635 loqui
1701 574 1823 617 curii

220 643 430 720 Angulis
453 643 711 703 dicerent,
739 639 915 693 melius
942 641 1145 713 Angelis
1171 640 1368 703 diffiniri,

380 720 614 773 Laiieam
644 718 769 769 ultra
792 715 925 770 Coeli
940 723 1074 770 viam
1102 734 1167 769 ne
1189 716 1365 780 crede,
1393 713 1683 769 Timothee.
1713 711 1822 789 Qi

215 803 406 870 primus
432 791 670 868 ingressus
696 795 763 846 est
785 793 1011 848 Christus
1028 793 1317 856 ‚docetesse
1341 795 1680 866 sanguineam.
1706 793 1828 845 Pte*-

215 868 518 926 tiosiffimum
548 871 693 936 JESU
721 871 932 924 Nomen
971 877 1141 943 magni
1170 871 1295 924 stetit
1322 870 1558 923 Salvatori
1593 883 1681 921 tuo
1706 889 1720 918 .·
1758 881 1825 922 ne

215 949 346 1003 binae
376 946 584 1020 quidem
614 946 803 1016 syllabae
825 944 974 1020 gratis
1001 947 1109 999 sunt
1134 946 1271 1000 datae.
1352 945 1577 999 Tamdiu
1603 943 1708 998 fine
1729 952 1826 997 no‘-

215 1031 384 1086 mine,
411 1022 653 1095 quamdiu
677 1024 777 1076 fine
805 1025 1028 1076 vulnere.
1101 1023 1248 1088 JESU
1289 1023 1446 1077 socius
1477 1023 1573 1076 effe
1596 1038 1700 1074 non
1728 1039 1823 1094 po-

213 1106 352 1162 tetis,
383 1101 469 1154 nifi
496 1099 678 1155 eodem
697 1105 873 1152 itinere
898 1098 1113 1153 incedas.
1150 1103 1257 1172 Qi
1276 1104 1328 1153 in
1352 1098 1540 1154 divetsa
1575 1102 1824 1173 migrant,

213 1195 309 1232 nec
333 1184 451 1240 viae,
479 1195 573 1230 nec
596 1181 706 1229 vitae
734 1177 1029 1229 Societatem
1048 1175 1228 1230 habere
1245 1175 1455 1248 possunt.
1540 1178 1672 1231 Rem
1697 1193 1822 1247 pau-

210 1255 308 1309 vcais:
347 1259 592 1308 innocens
618 1249 716 1307 effe
745 1271 852 1305 non
896 1270 1061 1324 potes,
1089 1247 1178 1306 nifi
1214 1254 1468 1308 Poenitens
1504 1251 1574 1306 sis.
1655 1253 1822 1306 Omni

212 1331 375 1383 bellua
414 1331 626 1383 ferocior
651 1331 720 1383 est
745 1346 862 1382 caro
884 1331 1190 1398 domestica3
1220 1331 1356 1382 nulla
1384 1349 1438 1383 re
1459 1333 1618 1403 magis
1635 1326 1819 1401 ‚quam

173 1478 176 1480 ‚
213 1406 570 1460 blandimentis
603 1402 846 1459 efferatur.
926 1407 1141 1479 Qanto
1177 1406 1373 1459 fovetur
1406 1404 1647 1477 amplius,
1678 1402 1820 1457 tantb

209 1482 313 1555 plus
337 1499 496 1536 nocet.
574 1482 622 1536 Si
646 1482 856 1535 delicate
881 1487 1098 1547 nutriaS,
1124 1479 1268 1535 brevi
1280 1497 1642 1536 contumacem
1667 1481 1818 1535 senti-

207 1577 258 1612 es
283 1556 499 1612 servum.
579 1561 692 1615 Erat
717 1555 745 1610 a
771 1557 884 1614 casu
923 1558 1176 1613 redivivus
1215 1557 1430 1619 Paulus,
1468 1563 1522 1610 δε
1561 1568 1617 1610 ea
1641 1561 1816 1630 gratiae

207 1635 517 1710 plenitudine
540 1634 805 1688 instruens
817 1671 833 1696 ‚
857 1653 957 1706 qua
981 1633 1044 1687 ad
1060 1636 1260 1687 tertium
1279 1634 1467 1687 coelum
1494 1632 1688 1687 admitti
1702 1646 1817 1685 me:-

206 1715 326 1763 ruit.
396 1712 588 1764 Tantus
611 1726 785 1764 tamen
800 1711 1062 1780 Apostolus
1089 1709 1418 1771 lamentatur,
1444 1727 1540 1763 nec
1567 1715 1817 1765 innocen-

209 1791 316 1846 tiae,
333 1803 427 1840 nec
446 1788 585 1839 (aluti
609 1786 704 1839 suae
726 1785 984 1840 consulere
1010 1788 1057 1838 sc
1083 1784 1344 1858 poss'e,nifi
1369 1804 1544 1857 corpus
1580 1792 1628 1838 in
1659 1787 1811 1839 setvi-

207 1877 365 1915 tutem
393 1862 599 1938 redigat.
678 1861 751 1916 Ibi
779 1869 833 1917 in
856 1863 1161 1934 exesa‘tupe‚
1177 1863 1313 1915 velut
1338 1881 1424 1933 pro
1441 1862 1697 1925 tribunali,
1721 1861 1810 1915 fle-

208 1939 297 1991 ssit
321 1941 540 2012 Magnus
565 1942 906 2011 Hieronymus
923 1981 937 2004 ,
961 1941 1076 1994 exul
1098 1938 1289 1997 Roma,
1323 1938 1584 1994 Palaestinae
1624 1940 1809 2003 Incola,

206 2016 550 2087 scorpionum,
575 2015 859 2073 &seratum
907 2019 1090 2084 socius;
1128 2019 1333 2071 emaciat
1357 2033 1558 2070 carnem
1594 2021 1804 2083 jejunus,

207 2109 434 2145 cruentat
467 2092 694 2166 flagellis,
721 2093 927 2170 configit
962 2096 1241 2148 ciliciorum
1282 2094 1462 2145 aculeis
1477 2100 1668 2158 5etiam
1709 2110 1806 2144 nu-

207 2167 328 2223 dam
358 2171 483 2223 duta
510 2171 640 2241 petra
663 2171 840 2224 tundit.
924 2175 980 2226 Et
1003 2173 1126 2226 Ecce
1153 2166 1168 2231 Σ
1208 2169 1460 2222 Pallebant
1476 2187 1563 2223 ota
1585 2173 1804 2238 jejuniJS,

203 2251 258 2300 δε
285 2264 459 2318 corpus
491 2245 720 2300 :estuabat
769 2246 1042 2302 desideriis:
1081 2263 1198 2299 caro
1238 2251 1569 2300 incarceratur
1603 2247 1804 2316 spelun-

200 2327 294 2389 cis,
313 2330 378 2386 &-
403 2324 592 2379 elamat
614 2324 794 2380 Palatia
821 2346 849 2395 ,-
886 2323 1101 2403 genibus
1137 2320 1288 2380 affixa
1322 2321 1485 2379 humo
1502 2361 1520 2390 ,
1552 2325 1804 2454 prurithin

299 2430 301 2434 ·
1670 2413 1700 2450 c
1742 2416 1800 2453 0-
