2075 2708
277 105 500 184 pendent
539 107 567 162 a
611 99 886 171 sole'‚eunt
925 106 1299 176 ad‘imperium
1340 145 1354 170 ‚
1387 107 1671 165 &redeunt
1694 107 1756 163 ad
1784 123 1888 162 nu‘·

284 205 434 242 tum:
475 185 819 239 adhaerescunt
861 184 946 237 soli
983 203 1008 245 ‚-
1045 188 1100 237 &
1145 189 1360 255 perirent
1394 220 1411 248 ,
1450 185 1538 238 nifi
1583 184 1884 242 adhaeresce.

279 282 405 319 teat.
713 282 716 287 ·
1113 299 1115 301 ·
1179 296 1189 306 ε
1254 301 1256 303 -
1410 300 1414 305 -

446 339 628 393 Talem
647 352 840 411 oportet
864 334 961 390 effe
976 335 1306 389 Secretarium
1334 333 1602 390 Societatis.
1641 335 1888 393 Talemte

278 414 493 491 probasti
510 416 820 476 ,Sem-etum,
856 427 909 465 ut
937 427 1127 484 tegeres
1155 430 1340 466 areana
1384 427 1470 467 tua
1490 430 1513 484 3
1531 414 1754 470 subtilem
1786 454 1800 479 ,
1828 432 1887 471 ut

278 495 555 564 'explorares
594 494 749 544 aliena
793 508 810 558 3
845 486 1101 542 efficacem
1136 527 1148 550 ,
1191 505 1243 540 ut
1280 506 1448 562 ageres
1478 513 1504 554 ,-
1542 490 1746 545 fidelem
1781 530 1796 554 ,
1819 507 1886 545 ne

274 572 443 624 fallere
488 569 637 620 velles
678 587 701 630 ,-
739 567 1005 638 sapientem
1037 602 1052 626 ‚
1095 585 1158 619 ne
1182 566 1284 618 fani
1322 564 1494 636 posses.
1576 571 1781 621 Eximiae
1809 565 1885 622 hae

276 646 417 701 dotes
443 662 538 697 tuae
563 641 864 704 effecerunt,
896 641 1032 713 quod
1061 642 1355 695 Sanffiffimi
1384 644 1599 696 Parentis
1634 650 1704 696 tui
1732 647 1882 717 Igna..

274 728 327 790 tij
349 721 570 793 primum
602 720 810 791 quidem
841 724 889 771 in
914 719 1156 788 Sapientia
1194 759 1207 780 ,
1236 726 1291 774 δε
1329 723 1524 772 Virtute
1554 757 1568 783 ‚
1606 721 1790 773 deinde
1827 728 1885 777 δε

273 803 324 851 in
363 796 607 871 dignitate
639 796 892 850 Succeffor
926 832 941 854 ‚
985 795 1049 848 ad
1074 797 1303 865 suprema
1340 796 1573 848 universae
1596 797 1843 850 Societatis
1868 835 1883 864 ‚

273 893 429 948 quam
465 879 514 926 in
549 873 713 945 spiritu
764 874 979 925 Loioiaeo
1008 890 1095 943 per
1119 891 1280 925 annos
1303 878 1402 936 jam
1438 889 1625 926 novem
1653 910 1665 933 ,
1693 881 1746 928 84
1771 892 1878 927 am-

269 949 783 1023 plius,sapientiffime
831 947 1075 1021 gubernas
1115 984 1133 1010 ‚
1196 949 1532 1022 gubernacula
1568 948 1624 1001 fis
1664 951 1881 1004 everstus.

266 1031 381 1082 Nec
407 1026 663 1080 ascendisti
689 1029 917 1096 praecipiti
950 1026 1067 1077 {altu
1095 1064 1108 1086 ,
1137 1026 1220 1080 sed
1245 1030 1462 1078 emerito
1490 1026 1666 1097 gress'u.
1744 1028 1878 1080 Gra-

265 1104 360 1158 dus
391 1105 482 1157 fuit
513 1102 678 1156 honor
707 1120 834 1154 unus
873 1101 937 1154 ad
980 1103 1209 1154 alterum.
1255 1105 1364 1164 Jam
1410 1102 1655 1171 praeiufisti
1704 1103 1878 1173 supre-

265 1197 362 1235 mae
383 1180 617 1255 dignitati
644 1216 658 1237 ‚
688 1178 811 1233 dum
844 1176 1042 1250 gerebas
1067 1178 1317 1232 infimam.
1361 1177 1549 1233 Adhuc
1576 1180 1760 1232 Parmae
1783 1178 1880 1233 do-

264 1258 407 1310 cebas
453 1256 789 1329 Theologiam
821 1273 838 1322 3
873 1263 925 1311 &
965 1255 1104 1308 fuere
1131 1291 1147 1316 ‚
1188 1259 1277 1327 qui
1317 1254 1384 1308 de
1419 1272 1467 1307 te
1490 1255 1716 1308 dicerent
1743 1274 1759 1306 .-
1776 1255 1876 1327 post

263 1336 455 1407 aliquot
490 1341 644 1385 ann'os
698 1330 777 1382 hic
803 1333 1052 1385 Generalis
1082 1334 1195 1384 erit.
1260 1331 1448 1386 Adhuc
1479 1333 1703 1386 Mantuae
1733 1351 1877 1406 rege-

263 1411 349 1463 bas
394 1411 671 1480 collegium
713 1415 830 1471 ,ὡδί
870 1414 971 1474 jam
1014 1408 1143 1461 visus
1182 1427 1232 1463 es
1265 1448 1281 1472 ‚
1319 1409 1474 1479 qualis
1499 1427 1606 1461 eras
1655 1409 1871 1463 futurus,

262 1486 466 1557 Ubique
519 1486 693 1538 fecisti·
720 1484 986 1553 Prophetas
1040 1489 1115 1537 tui
1154 1524 1167 1546 ‚
1203 1493 1257 1540 δε
1295 1503 1398 1539 vox
1427 1489 1596 1554 popuii
1624 1485 1878 1541 antecessit

258 1579 442 1618 vocem
473 1562 602 1617 DEI.
659 1565 762 1617 Vix
794 1576 841 1612 te
874 1563 1075 1615 Parrum
1099 1559 1327 1636 suffragia
1359 1562 1677 1628 Praepositum
1703 1562 1893 1616 decla-·

256 1639 427 1711 nitunt
455 1678 472 1702 ‚
510 1637 593 1691 abs
636 1656 780 1691 mora
814 1636 1162 1712 digniffimum
1215 1653 1265 1693 te
1305 1638 1513 1711 probasti
1551 1678 1565 1702 ,
1603 1643 1682 1691 cui
1716 1638 1874 1694 ardua

254 1730 472 1787 quaeque
502 1719 947 1768 committerentur.
1002 1714 1142 1768 Nihil
1169 1715 1254 1768 tibi
1288 1732 1388 1770 erat
1427 1720 1712 1768 intricatum
1747 1754 1762 1778 ,
1793 1721 1874 1770 ni-

251 1791 326 1845 hil
357 1810 464 1844 non
495 1806 665 1861 patens
694 1814 705 1844 ε
731 1797 782 1844 δι
807 1791 926 1845 cum
956 1796 1007 1843 in
1033 1792 1173 1860 plura
1203 1791 1349 1846 fimul
1372 1799 1571 1864 negotia
1597 1791 1870 1846 incumbe·
1898 1835 1900 1838 v

250 1886 331 1920 res
356 1905 372 1930 ,
405 1873 474 1921 ita
510 1883 557 1919 te
601 1866 803 1940 fingulis
838 1884 1003 1922 totum
1047 1867 1311 1924 addicebas
1335 1909 1348 1931 ,
1377 1887 1436 1922 ac
1462 1867 1495 1920 fi
1538 1874 1627 1923 uni
1653 1886 1870 1933 vacares,

248 1945 440 2016 Neque
471 1962 614 1998 mens
642 1960 726 1997 tua
755 1962 925 1998 rerum
964 1940 1257 2000 difficultate
1286 1944 1516 1998 retardari
1541 1985 1555 2009 ,
1580 1962 1664 2000 aut
1694 1947 1868 1999 multi-

250 2021 432 2079 tudine
457 2020 599 2076 obrui
621 2026 800 2099 potuit.
851 2021 1096 2098 Jllusttzisti
1124 2023 1226 2077 illas
1252 2024 1405 2079 instar
1426 2021 1535 2081 [olis
1559 2042 1646 2097 per
1668 2022 1861 2077 Zodia-
1891 2059 1894 2062 -

296 2130 299 2135 »
461 2119 466 2127 ·
1039 2104 1095 2168 >²1
1141 2118 1167 2172 Ξ
1816 2103 1870 2166 ..εἰ
