<?xml version="1.0" encoding="UTF-8"?>
<!DOCTYPE html PUBLIC "-//W3C//DTD XHTML 1.0 Transitional//EN"
    "http://www.w3.org/TR/xhtml1/DTD/xhtml1-transitional.dtd">
<html xmlns="http://www.w3.org/1999/xhtml" xml:lang="en" lang="en">
 <head>
  <title>
</title>
<meta http-equiv="Content-Type" content="text/html;charset=utf-8" />
  <meta name='ocr-system' content='tesseract 3.04.00' />
  <meta name='ocr-capabilities' content='ocr_page ocr_carea ocr_par ocr_line ocrx_word'/>
</head>
<body>
  <div class='ocr_page' id='page_1' title='image "./philosophiasacra00zetlp_0152.png"; bbox 0 0 1988 2698; ppageno 0'>
   <div class='ocr_carea' id='block_1_1' title="bbox 142 127 1127 196">
    <p class='ocr_par' dir='ltr' id='par_1_1' title="bbox 142 127 1127 196">
     <span class='ocr_line' id='line_1_1' title="bbox 142 127 1127 196; baseline 0.004 -4"><span class='ocrx_word' id='word_1_1' title='bbox 142 141 212 192; x_wconf 73' lang='lat'>‘9²</span> <span class='ocrx_word' id='word_1_2' title='bbox 762 127 888 194; x_wconf 52' lang='lat' dir='ltr'>effi(</span> <span class='ocrx_word' id='word_1_3' title='bbox 920 134 974 188; x_wconf 72' lang='lat'>›1‹</span> <span class='ocrx_word' id='word_1_4' title='bbox 1006 127 1127 196; x_wconf 41' lang='grc' dir='ltr'>θεῖε</span> 
     </span>
    </p>
   </div>
   <div class='ocr_carea' id='block_1_2' title="bbox 147 244 1755 1850">
    <p class='ocr_par' dir='ltr' id='par_1_2' title="bbox 147 244 1755 1850">
     <span class='ocr_line' id='line_1_2' title="bbox 148 244 1754 323; baseline -0.001 -20"><span class='ocrx_word' id='word_1_5' title='bbox 148 264 257 303; x_wconf 80' lang='lat' dir='ltr'>tem</span> <span class='ocrx_word' id='word_1_6' title='bbox 283 269 310 312; x_wconf 89' lang='lat'>‚·</span> <span class='ocrx_word' id='word_1_7' title='bbox 334 244 548 302; x_wconf 87' lang='lat' dir='ltr'>demum</span> <span class='ocrx_word' id='word_1_8' title='bbox 578 266 745 302; x_wconf 83' lang='lat' dir='ltr'>arcem</span> <span class='ocrx_word' id='word_1_9' title='bbox 773 249 966 305; x_wconf 87' lang='lat' dir='ltr'>invadit</span> <span class='ocrx_word' id='word_1_10' title='bbox 996 248 1270 313; x_wconf 86' lang='lat' dir='ltr'>‚vexillum</span> <span class='ocrx_word' id='word_1_11' title='bbox 1303 254 1445 323; x_wconf 76' lang='lat' dir='ltr'>erigit</span> <span class='ocrx_word' id='word_1_12' title='bbox 1469 292 1482 314; x_wconf 90' lang='lat'>,</span> <span class='ocrx_word' id='word_1_13' title='bbox 1512 259 1565 307; x_wconf 69' lang='grc' dir='ltr'>δε</span> <span class='ocrx_word' id='word_1_14' title='bbox 1590 255 1754 310; x_wconf 64' lang='lat' dir='ltr'>&#39;cordi‘</span> 
     </span>
     <span class='ocr_line' id='line_1_3' title="bbox 150 323 1752 397; baseline 0.004 -20"><span class='ocrx_word' id='word_1_15' title='bbox 150 323 500 379; x_wconf 87' lang='lat' dir='ltr'>tuidominum</span> <span class='ocrx_word' id='word_1_16' title='bbox 519 325 563 378; x_wconf 86' lang='lat' dir='ltr'>se</span> <span class='ocrx_word' id='word_1_17' title='bbox 586 326 853 388; x_wconf 67' lang='lat' dir='ltr'>constituit,</span> <span class='ocrx_word' id='word_1_18' title='bbox 933 328 1058 384; x_wconf 85' lang='lat' dir='ltr'>Ecce</span> <span class='ocrx_word' id='word_1_19' title='bbox 1084 365 1098 388; x_wconf 91' lang='lat'>,</span> <span class='ocrx_word' id='word_1_20' title='bbox 1133 326 1394 397; x_wconf 89' lang='lat' dir='ltr'>quomodo</span> <span class='ocrx_word' id='word_1_21' title='bbox 1420 333 1472 380; x_wconf 87' lang='lat' dir='ltr'>in</span> <span class='ocrx_word' id='word_1_22' title='bbox 1499 334 1623 382; x_wconf 85' lang='lat' dir='ltr'>rima</span> <span class='ocrx_word' id='word_1_23' title='bbox 1651 336 1752 383; x_wconf 86' lang='lat' dir='ltr'>rui-</span> 
     </span>
     <span class='ocr_line' id='line_1_4' title="bbox 149 400 1747 475; baseline 0.003 -20"><span class='ocrx_word' id='word_1_24' title='bbox 149 419 269 455; x_wconf 84' lang='lat' dir='ltr'>nam</span> <span class='ocrx_word' id='word_1_25' title='bbox 298 438 315 462; x_wconf 93' lang='lat'>‚</span> <span class='ocrx_word' id='word_1_26' title='bbox 341 405 393 454; x_wconf 90' lang='lat' dir='ltr'>in</span> <span class='ocrx_word' id='word_1_27' title='bbox 420 401 627 456; x_wconf 82' lang='lat' dir='ltr'>scintilla</span> <span class='ocrx_word' id='word_1_28' title='bbox 658 401 957 456; x_wconf 85' lang='lat' dir='ltr'><strong>incendium</strong></span> <span class='ocrx_word' id='word_1_29' title='bbox 995 400 1264 457; x_wconf 82' lang='lat' dir='ltr'>meditetur</span> <span class='ocrx_word' id='word_1_30' title='bbox 1288 407 1306 453; x_wconf 84' lang='lat'>.&#39;</span> <span class='ocrx_word' id='word_1_31' title='bbox 1346 405 1573 473; x_wconf 85' lang='lat' dir='ltr'>Irrepunt</span> <span class='ocrx_word' id='word_1_32' title='bbox 1600 424 1747 475; x_wconf 80' lang='lat' dir='ltr'>parva</span> 
     </span>
     <span class='ocr_line' id='line_1_5' title="bbox 152 477 1751 552; baseline 0.003 -22"><span class='ocrx_word' id='word_1_33' title='bbox 152 477 416 549; x_wconf 80' lang='lat' dir='ltr'>versipellis</span> <span class='ocrx_word' id='word_1_34' title='bbox 451 480 598 532; x_wconf 86' lang='lat' dir='ltr'>instar</span> <span class='ocrx_word' id='word_1_35' title='bbox 649 479 916 552; x_wconf 83' lang='lat' dir='ltr'>vulpeculae</span> <span class='ocrx_word' id='word_1_36' title='bbox 950 518 964 542; x_wconf 90' lang='lat'>,</span> <span class='ocrx_word' id='word_1_37' title='bbox 989 485 1043 534; x_wconf 75' lang='grc' dir='ltr'>δε</span> <span class='ocrx_word' id='word_1_38' title='bbox 1075 477 1187 531; x_wconf 74' lang='lat' dir='ltr'>ideo</span> <span class='ocrx_word' id='word_1_39' title='bbox 1214 478 1354 532; x_wconf 65' lang='lat' dir='ltr'>facile</span> <span class='ocrx_word' id='word_1_40' title='bbox 1382 479 1751 534; x_wconf 70' lang='lat' dir='ltr'>admittuntur.-</span> 
     </span>
     <span class='ocr_line' id='line_1_6' title="bbox 152 555 1753 629; baseline 0.002 -21"><span class='ocrx_word' id='word_1_41' title='bbox 152 572 341 628; x_wconf 82' lang='lat' dir='ltr'>magna</span> <span class='ocrx_word' id='word_1_42' title='bbox 356 590 370 613; x_wconf 92' lang='lat'>‚</span> <span class='ocrx_word' id='word_1_43' title='bbox 386 559 503 625; x_wconf 88' lang='lat' dir='ltr'>quia</span> <span class='ocrx_word' id='word_1_44' title='bbox 519 559 798 623; x_wconf 80' lang='lat' dir='ltr'>irrumpere</span> <span class='ocrx_word' id='word_1_45' title='bbox 814 573 1063 608; x_wconf 87' lang='lat' dir='ltr'>conantur</span> <span class='ocrx_word' id='word_1_46' title='bbox 1085 555 1247 625; x_wconf 72' lang='lat' dir='ltr'>aperte</span> <span class='ocrx_word' id='word_1_47' title='bbox 1262 593 1278 615; x_wconf 92' lang='lat'>,</span> <span class='ocrx_word' id='word_1_48' title='bbox 1292 556 1567 610; x_wconf 85' lang='lat' dir='ltr'>excludunt</span> <span class='ocrx_word' id='word_1_49' title='bbox 1583 563 1627 610; x_wconf 87' lang='lat' dir='ltr'>se</span> <span class='ocrx_word' id='word_1_50' title='bbox 1644 559 1753 629; x_wconf 70' lang='lat' dir='ltr'>ipsa.</span> 
     </span>
     <span class='ocr_line' id='line_1_7' title="bbox 149 629 1754 706; baseline 0.001 -22"><span class='ocrx_word' id='word_1_51' title='bbox 149 631 304 684; x_wconf 81' lang='lat' dir='ltr'>Parva</span> <span class='ocrx_word' id='word_1_52' title='bbox 322 629 510 683; x_wconf 76' lang='lat' dir='ltr'>silentio</span> <span class='ocrx_word' id='word_1_53' title='bbox 526 631 611 682; x_wconf 89' lang='lat' dir='ltr'>suo</span> <span class='ocrx_word' id='word_1_54' title='bbox 631 633 806 684; x_wconf 78' lang='lat' dir='ltr'>fallunt</span> <span class='ocrx_word' id='word_1_55' title='bbox 822 631 1050 684; x_wconf 84' lang='lat' dir='ltr'>excubias</span> <span class='ocrx_word' id='word_1_56' title='bbox 1079 654 1091 684; x_wconf 89' lang='lat'><strong>:</strong></span> <span class='ocrx_word' id='word_1_57' title='bbox 1114 649 1296 706; x_wconf 80' lang='lat' dir='ltr'>magna</span> <span class='ocrx_word' id='word_1_58' title='bbox 1319 633 1516 702; x_wconf 82' lang='lat' dir='ltr'>strepitu</span> <span class='ocrx_word' id='word_1_59' title='bbox 1534 639 1754 686; x_wconf 87' lang='lat' dir='ltr'>excitant</span> 
     </span>
     <span class='ocr_line' id='line_1_8' title="bbox 150 705 1750 779; baseline 0.001 -19"><span class='ocrx_word' id='word_1_60' title='bbox 150 705 482 779; x_wconf 67' lang='lat' dir='ltr'>praefidiarios‚</span> <span class='ocrx_word' id='word_1_61' title='bbox 561 707 831 761; x_wconf 84' lang='lat' dir='ltr'>Tenuitate</span> <span class='ocrx_word' id='word_1_62' title='bbox 871 709 953 761; x_wconf 88' lang='lat' dir='ltr'>sua</span> <span class='ocrx_word' id='word_1_63' title='bbox 981 723 1239 779; x_wconf 82' lang='lat' dir='ltr'>penetrant</span> <span class='ocrx_word' id='word_1_64' title='bbox 1275 713 1515 762; x_wconf 84' lang='lat' dir='ltr'>minima:</span> <span class='ocrx_word' id='word_1_65' title='bbox 1543 709 1623 762; x_wconf 85' lang='lat' dir='ltr'>sua</span> <span class='ocrx_word' id='word_1_66' title='bbox 1640 729 1750 762; x_wconf 88' lang='lat' dir='ltr'>mo-</span> 
     </span>
     <span class='ocr_line' id='line_1_9' title="bbox 149 781 1750 858; baseline 0.001 -21"><span class='ocrx_word' id='word_1_67' title='bbox 149 786 197 837; x_wconf 90' lang='lat' dir='ltr'>le</span> <span class='ocrx_word' id='word_1_68' title='bbox 212 781 401 856; x_wconf 86' lang='lat' dir='ltr'>ingredi</span> <span class='ocrx_word' id='word_1_69' title='bbox 439 782 763 853; x_wconf 86' lang='lat' dir='ltr'>prohibemur</span> <span class='ocrx_word' id='word_1_70' title='bbox 801 783 1024 858; x_wconf 79' lang='lat' dir='ltr'>grandia.</span> <span class='ocrx_word' id='word_1_71' title='bbox 1102 785 1224 837; x_wconf 91' lang='lat' dir='ltr'>Non</span> <span class='ocrx_word' id='word_1_72' title='bbox 1274 783 1418 836; x_wconf 71' lang='lat' dir='ltr'>facile</span> <span class='ocrx_word' id='word_1_73' title='bbox 1466 786 1632 839; x_wconf 80' lang='lat' dir='ltr'>fauces</span> <span class='ocrx_word' id='word_1_74' title='bbox 1655 786 1750 838; x_wconf 91' lang='lat' dir='ltr'>ob·</span> 
     </span>
     <span class='ocr_line' id='line_1_10' title="bbox 151 859 1749 936; baseline 0.003 -26"><span class='ocrx_word' id='word_1_75' title='bbox 151 861 403 915; x_wconf 86' lang='lat' dir='ltr'>struuntur</span> <span class='ocrx_word' id='word_1_76' title='bbox 418 859 516 912; x_wconf 82' lang='lat' dir='ltr'>offe</span> <span class='ocrx_word' id='word_1_77' title='bbox 542 860 909 913; x_wconf 85' lang='lat' dir='ltr'>carnisbubulae</span> <span class='ocrx_word' id='word_1_78' title='bbox 929 881 954 923; x_wconf 82' lang='grc'>,-</span> <span class='ocrx_word' id='word_1_79' title='bbox 980 877 1082 912; x_wconf 90' lang='lat' dir='ltr'>non</span> <span class='ocrx_word' id='word_1_80' title='bbox 1105 861 1390 913; x_wconf 84' lang='lat' dir='ltr'>comeditur</span> <span class='ocrx_word' id='word_1_81' title='bbox 1416 899 1428 921; x_wconf 90' lang='lat'>‚</span> <span class='ocrx_word' id='word_1_82' title='bbox 1462 865 1580 932; x_wconf 76' lang='lat' dir='ltr'>quia</span> <span class='ocrx_word' id='word_1_83' title='bbox 1608 880 1749 936; x_wconf 83' lang='lat' dir='ltr'>mag-</span> 
     </span>
     <span class='ocr_line' id='line_1_11' title="bbox 152 936 1753 1008; baseline -0.001 -18"><span class='ocrx_word' id='word_1_84' title='bbox 152 955 282 990; x_wconf 86' lang='lat' dir='ltr'>num</span> <span class='ocrx_word' id='word_1_85' title='bbox 300 937 384 989; x_wconf 88' lang='lat' dir='ltr'>est.</span> <span class='ocrx_word' id='word_1_86' title='bbox 434 937 606 989; x_wconf 85' lang='lat' dir='ltr'>Multis</span> <span class='ocrx_word' id='word_1_87' title='bbox 627 936 1123 1008; x_wconf 83' lang='lat' dir='ltr'>interclufitspiritum</span> <span class='ocrx_word' id='word_1_88' title='bbox 1139 939 1267 1008; x_wconf 83' lang='lat' dir='ltr'>spina</span> <span class='ocrx_word' id='word_1_89' title='bbox 1291 937 1492 1007; x_wconf 81' lang='lat' dir='ltr'>piscium</span> <span class='ocrx_word' id='word_1_90' title='bbox 1512 959 1537 1001; x_wconf 83' lang='lat'>‚-</span> <span class='ocrx_word' id='word_1_91' title='bbox 1565 937 1753 992; x_wconf 79' lang='lat' dir='ltr'>haecat..</span> 
     </span>
     <span class='ocr_line' id='line_1_12' title="bbox 152 1011 1750 1084; baseline 0.002 -19"><span class='ocrx_word' id='word_1_92' title='bbox 152 1011 362 1065; x_wconf 84' lang='lat' dir='ltr'>trahitur</span> <span class='ocrx_word' id='word_1_93' title='bbox 406 1012 647 1066; x_wconf 76' lang='lat' dir='ltr'>incautius</span> <span class='ocrx_word' id='word_1_94' title='bbox 665 1053 677 1074; x_wconf 94' lang='lat'>‚</span> <span class='ocrx_word' id='word_1_95' title='bbox 702 1019 821 1084; x_wconf 86' lang='lat' dir='ltr'>quia</span> <span class='ocrx_word' id='word_1_96' title='bbox 846 1018 1060 1067; x_wconf 87' lang='lat' dir='ltr'>minima</span> <span class='ocrx_word' id='word_1_97' title='bbox 1082 1015 1167 1066; x_wconf 87' lang='lat' dir='ltr'>est.</span> <span class='ocrx_word' id='word_1_98' title='bbox 1246 1011 1342 1064; x_wconf 88' lang='lat' dir='ltr'>Sed</span> <span class='ocrx_word' id='word_1_99' title='bbox 1366 1014 1470 1067; x_wconf 88' lang='lat' dir='ltr'>esto</span> <span class='ocrx_word' id='word_1_100' title='bbox 1493 1030 1510 1079; x_wconf 82' lang='lat'><em>3</em></span> <span class='ocrx_word' id='word_1_101' title='bbox 1538 1016 1750 1068; x_wconf 85' lang='lat' dir='ltr'>mortale</span> 
     </span>
     <span class='ocr_line' id='line_1_13' title="bbox 150 1087 1750 1165; baseline 0 -23"><span class='ocrx_word' id='word_1_102' title='bbox 150 1097 346 1143; x_wconf 84' lang='lat' dir='ltr'>crimen</span> <span class='ocrx_word' id='word_1_103' title='bbox 375 1107 481 1140; x_wconf 89' lang='lat' dir='ltr'>non</span> <span class='ocrx_word' id='word_1_104' title='bbox 497 1089 756 1144; x_wconf 83' lang='lat' dir='ltr'>admittas.-</span> <span class='ocrx_word' id='word_1_105' title='bbox 770 1095 868 1155; x_wconf 87' lang='lat' dir='ltr'>jam</span> <span class='ocrx_word' id='word_1_106' title='bbox 885 1095 1095 1165; x_wconf 84' lang='lat' dir='ltr'>graviter</span> <span class='ocrx_word' id='word_1_107' title='bbox 1109 1088 1271 1147; x_wconf 85' lang='lat' dir='ltr'>ruisti,</span> <span class='ocrx_word' id='word_1_108' title='bbox 1296 1087 1420 1141; x_wconf 89' lang='lat' dir='ltr'>dum</span> <span class='ocrx_word' id='word_1_109' title='bbox 1440 1089 1612 1140; x_wconf 86' lang='lat' dir='ltr'>leviter</span> <span class='ocrx_word' id='word_1_110' title='bbox 1639 1108 1750 1160; x_wconf 87' lang='lat' dir='ltr'>pec·</span> 
     </span>
     <span class='ocr_line' id='line_1_14' title="bbox 150 1163 1752 1238; baseline 0 -19"><span class='ocrx_word' id='word_1_111' title='bbox 150 1164 284 1219; x_wconf 66' lang='lat' dir='ltr'>casti.</span> <span class='ocrx_word' id='word_1_112' title='bbox 364 1167 541 1220; x_wconf 85' lang='lat' dir='ltr'>Gravis</span> <span class='ocrx_word' id='word_1_113' title='bbox 566 1167 711 1235; x_wconf 84' lang='lat' dir='ltr'>culpa</span> <span class='ocrx_word' id='word_1_114' title='bbox 735 1168 804 1220; x_wconf 73' lang='lat' dir='ltr'>ef.</span> <span class='ocrx_word' id='word_1_115' title='bbox 828 1205 842 1228; x_wconf 95' lang='lat'><strong>,</strong></span> <span class='ocrx_word' id='word_1_116' title='bbox 880 1185 990 1238; x_wconf 82' lang='lat' dir='ltr'>qua:</span> <span class='ocrx_word' id='word_1_117' title='bbox 1023 1166 1173 1221; x_wconf 75' lang='lat' dir='ltr'>DEO</span> <span class='ocrx_word' id='word_1_118' title='bbox 1201 1163 1496 1217; x_wconf 83' lang='lat' dir='ltr'>adversatur.</span> <span class='ocrx_word' id='word_1_119' title='bbox 1574 1167 1752 1219; x_wconf 84' lang='lat' dir='ltr'>Gravis</span> 
     </span>
     <span class='ocr_line' id='line_1_15' title="bbox 148 1240 1754 1312; baseline 0.001 -17"><span class='ocrx_word' id='word_1_120' title='bbox 148 1246 360 1308; x_wconf 85' lang='lat' dir='ltr'>injuria,</span> <span class='ocrx_word' id='word_1_121' title='bbox 399 1259 507 1311; x_wconf 88' lang='lat' dir='ltr'>quae</span> <span class='ocrx_word' id='word_1_122' title='bbox 529 1245 676 1297; x_wconf 87' lang='lat' dir='ltr'>DEO</span> <span class='ocrx_word' id='word_1_123' title='bbox 702 1246 928 1297; x_wconf 86' lang='lat' dir='ltr'>insertur.</span> <span class='ocrx_word' id='word_1_124' title='bbox 1007 1245 1181 1297; x_wconf 84' lang='lat' dir='ltr'>Grave.</span> <span class='ocrx_word' id='word_1_125' title='bbox 1199 1242 1422 1301; x_wconf 87' lang='lat' dir='ltr'>malum,</span> <span class='ocrx_word' id='word_1_126' title='bbox 1447 1240 1583 1312; x_wconf 92' lang='lat' dir='ltr'>quod</span> <span class='ocrx_word' id='word_1_127' title='bbox 1600 1248 1754 1308; x_wconf 80' lang='lat' dir='ltr'>majus</span> 
     </span>
     <span class='ocr_line' id='line_1_16' title="bbox 148 1313 1747 1391; baseline -0.001 -20"><span class='ocrx_word' id='word_1_128' title='bbox 148 1319 250 1376; x_wconf 84' lang='lat' dir='ltr'>est,</span> <span class='ocrx_word' id='word_1_129' title='bbox 276 1315 430 1389; x_wconf 76' lang='lat' dir='ltr'>quam</span> <span class='ocrx_word' id='word_1_130' title='bbox 451 1315 695 1372; x_wconf 76' lang='lat' dir='ltr'>&#39;omnium</span> <span class='ocrx_word' id='word_1_131' title='bbox 718 1325 944 1391; x_wconf 88' lang='lat' dir='ltr'>gentium</span> <span class='ocrx_word' id='word_1_132' title='bbox 973 1317 1289 1390; x_wconf 82' lang='lat' dir='ltr'>depopulatio</span> <span class='ocrx_word' id='word_1_133' title='bbox 1328 1353 1342 1376; x_wconf 88' lang='lat'><strong>,</strong></span> <span class='ocrx_word' id='word_1_134' title='bbox 1375 1313 1526 1387; x_wconf 66' lang='lat' dir='ltr'>quam</span> <span class='ocrx_word' id='word_1_135' title='bbox 1550 1336 1747 1370; x_wconf 88' lang='lat' dir='ltr'>creatu-</span> 
     </span>
     <span class='ocr_line' id='line_1_17' title="bbox 147 1392 1755 1470; baseline -0.003 -23"><span class='ocrx_word' id='word_1_136' title='bbox 147 1412 261 1447; x_wconf 86' lang='lat' dir='ltr'>rum</span> <span class='ocrx_word' id='word_1_137' title='bbox 283 1398 520 1447; x_wconf 89' lang='lat' dir='ltr'>omnium</span> <span class='ocrx_word' id='word_1_138' title='bbox 545 1400 766 1448; x_wconf 87' lang='lat' dir='ltr'>interitus</span> <span class='ocrx_word' id='word_1_139' title='bbox 794 1434 808 1456; x_wconf 91' lang='lat'><strong>,</strong></span> <span class='ocrx_word' id='word_1_140' title='bbox 837 1394 989 1470; x_wconf 71' lang='lat' dir='ltr'>quam</span> <span class='ocrx_word' id='word_1_141' title='bbox 1019 1392 1174 1468; x_wconf 88' lang='lat' dir='ltr'>ipsum</span> <span class='ocrx_word' id='word_1_142' title='bbox 1204 1396 1351 1445; x_wconf 88' lang='lat' dir='ltr'>totius</span> <span class='ocrx_word' id='word_1_143' title='bbox 1376 1393 1585 1446; x_wconf 77' lang='lat' dir='ltr'>universi</span> <span class='ocrx_word' id='word_1_144' title='bbox 1612 1400 1755 1448; x_wconf 83' lang='lat' dir='ltr'>cxci-.</span> 
     </span>
     <span class='ocr_line' id='line_1_18' title="bbox 150 1467 1745 1544; baseline -0.001 -19"><span class='ocrx_word' id='word_1_145' title='bbox 150 1471 314 1525; x_wconf 88' lang='lat' dir='ltr'>dium.</span> <span class='ocrx_word' id='word_1_146' title='bbox 394 1469 583 1526; x_wconf 85' lang='lat' dir='ltr'>Sufficit</span> <span class='ocrx_word' id='word_1_147' title='bbox 605 1472 800 1531; x_wconf 85' lang='lat' dir='ltr'>dicere,</span> <span class='ocrx_word' id='word_1_148' title='bbox 824 1487 1087 1544; x_wconf 88' lang='lat' dir='ltr'>peccatum</span> <span class='ocrx_word' id='word_1_149' title='bbox 1117 1470 1312 1522; x_wconf 85' lang='lat' dir='ltr'>veniale</span> <span class='ocrx_word' id='word_1_150' title='bbox 1355 1467 1452 1521; x_wconf 83' lang='lat' dir='ltr'>effe</span> <span class='ocrx_word' id='word_1_151' title='bbox 1486 1471 1745 1539; x_wconf 88' lang='lat' dir='ltr'>quandam</span> 
     </span>
     <span class='ocr_line' id='line_1_19' title="bbox 150 1544 1748 1621; baseline -0.001 -21"><span class='ocrx_word' id='word_1_152' title='bbox 150 1547 407 1600; x_wconf 74' lang='lat' dir='ltr'>actionem</span> <span class='ocrx_word' id='word_1_153' title='bbox 447 1587 464 1610; x_wconf 90' lang='lat'>,</span> <span class='ocrx_word' id='word_1_154' title='bbox 511 1567 624 1621; x_wconf 84' lang='lat' dir='ltr'>quae</span> <span class='ocrx_word' id='word_1_155' title='bbox 658 1551 802 1602; x_wconf 85' lang='lat' dir='ltr'>DEO</span> <span class='ocrx_word' id='word_1_156' title='bbox 827 1549 1062 1619; x_wconf 82' lang='lat' dir='ltr'>displicet.</span> <span class='ocrx_word' id='word_1_157' title='bbox 1141 1546 1265 1596; x_wconf 87' lang='lat' dir='ltr'>Satis</span> <span class='ocrx_word' id='word_1_158' title='bbox 1301 1545 1386 1598; x_wconf 83' lang='lat' dir='ltr'>est.</span> <span class='ocrx_word' id='word_1_159' title='bbox 1463 1544 1544 1596; x_wconf 88' lang='lat' dir='ltr'>Ab</span> <span class='ocrx_word' id='word_1_160' title='bbox 1582 1549 1600 1596; x_wconf 91' lang='lat'><em>!</em></span> <span class='ocrx_word' id='word_1_161' title='bbox 1639 1547 1748 1618; x_wconf 76' lang='lat' dir='ltr'>Qi</span> 
     </span>
     <span class='ocr_line' id='line_1_20' title="bbox 149 1622 1747 1697; baseline -0.001 -19"><span class='ocrx_word' id='word_1_162' title='bbox 149 1623 256 1678; x_wconf 84' lang='lat' dir='ltr'>fieri</span> <span class='ocrx_word' id='word_1_163' title='bbox 270 1624 424 1697; x_wconf 89' lang='lat' dir='ltr'>potest</span> <span class='ocrx_word' id='word_1_164' title='bbox 439 1661 454 1685; x_wconf 92' lang='lat'>,</span> <span class='ocrx_word' id='word_1_165' title='bbox 478 1640 531 1676; x_wconf 92' lang='lat' dir='ltr'>ut</span> <span class='ocrx_word' id='word_1_166' title='bbox 547 1630 595 1676; x_wconf 88' lang='lat' dir='ltr'>in</span> <span class='ocrx_word' id='word_1_167' title='bbox 613 1623 822 1678; x_wconf 86' lang='lat' dir='ltr'>homine</span> <span class='ocrx_word' id='word_1_168' title='bbox 837 1625 942 1678; x_wconf 84' lang='lat' dir='ltr'>haec</span> <span class='ocrx_word' id='word_1_169' title='bbox 968 1623 1076 1675; x_wconf 87' lang='lat' dir='ltr'>duo</span> <span class='ocrx_word' id='word_1_170' title='bbox 1092 1634 1394 1674; x_wconf 84' lang='lat' dir='ltr'>concurrant</span> <span class='ocrx_word' id='word_1_171' title='bbox 1415 1658 1428 1680; x_wconf 90' lang='lat'><strong>,</strong></span> <span class='ocrx_word' id='word_1_172' title='bbox 1448 1622 1747 1694; x_wconf 83' lang='lat' dir='ltr'>cognoscere</span> 
     </span>
     <span class='ocr_line' id='line_1_21' title="bbox 380 1694 1504 1774; baseline -0.006 -18"><span class='ocrx_word' id='word_1_173' title='bbox 380 1708 433 1756; x_wconf 88' lang='lat'>&amp;</span> <span class='ocrx_word' id='word_1_174' title='bbox 449 1700 690 1774; x_wconf 84' lang='lat' dir='ltr'>profiteri,</span> <span class='ocrx_word' id='word_1_175' title='bbox 717 1701 761 1752; x_wconf 89' lang='lat' dir='ltr'>se</span> <span class='ocrx_word' id='word_1_176' title='bbox 788 1718 959 1754; x_wconf 88' lang='lat' dir='ltr'>amare</span> <span class='ocrx_word' id='word_1_177' title='bbox 973 1699 1181 1754; x_wconf 84' lang='lat' dir='ltr'><em>DEUM</em></span> <span class='ocrx_word' id='word_1_178' title='bbox 1208 1734 1223 1757; x_wconf 87' lang='lat'>‚</span> <span class='ocrx_word' id='word_1_179' title='bbox 1254 1703 1306 1750; x_wconf 68' lang='grc' dir='ltr'>ὅσ</span> <span class='ocrx_word' id='word_1_180' title='bbox 1332 1694 1504 1749; x_wconf 80' lang='lat' dir='ltr'>tamen</span> 
     </span>
     <span class='ocr_line' id='line_1_22' title="bbox 590 1775 1241 1850; baseline -0.006 -19"><span class='ocrx_word' id='word_1_181' title='bbox 590 1797 592 1800; x_wconf 70' lang='grc'>’</span> <span class='ocrx_word' id='word_1_182' title='bbox 659 1776 746 1848; x_wconf 78' lang='lat' dir='ltr'>ipsi</span> <span class='ocrx_word' id='word_1_183' title='bbox 782 1777 1049 1850; x_wconf 87' lang='lat' dir='ltr'>displicere·</span> <span class='ocrx_word' id='word_1_184' title='bbox 1074 1775 1200 1827; x_wconf 86' lang='lat' dir='ltr'>velle</span> <span class='ocrx_word' id='word_1_185' title='bbox 1225 1785 1241 1827; x_wconf 70' lang='grc' dir='ltr'><strong><em>ἓ</em></strong></span> 
     </span>
    </p>
   </div>
   <div class='ocr_carea' id='block_1_3' title="bbox 667 1981 1209 2164">
    <p class='ocr_par' dir='ltr' id='par_1_3' title="bbox 667 1981 1209 2164">
     <span class='ocr_line' id='line_1_23' title="bbox 758 1981 1117 2073; baseline -0.003 0"><span class='ocrx_word' id='word_1_186' title='bbox 758 1981 1117 2073; x_wconf 41' lang='lat' dir='ltr'>fientes}</span> 
     </span>
     <span class='ocr_line' id='line_1_24' title="bbox 667 2020 1209 2164; baseline -0.007 1"><span class='ocrx_word' id='word_1_187' title='bbox 667 2020 1209 2164; x_wconf 42' lang='lat' dir='ltr'>&amp;Qssfflffi</span> 
     </span>
    </p>
   </div>
   <div class='ocr_carea' id='block_1_4' title="bbox 1553 2350 1761 2451">
    <p class='ocr_par' dir='ltr' id='par_1_4' title="bbox 1553 2350 1761 2451">
     <span class='ocr_line' id='line_1_25' title="bbox 1553 2350 1761 2451; baseline 0.014 -3"><span class='ocrx_word' id='word_1_188' title='bbox 1553 2350 1761 2451; x_wconf 56' lang='lat' dir='ltr'>‘xxwss</span> 
     </span>
    </p>
   </div>
  </div>
 </body>
</html>
