2029 2708
794 97 1205 167 fflffiffl
1794 105 1860 160 79

240 225 381 304 quod
415 224 642 282 solatium
661 227 883 297 praestate
921 236 1138 293 potero?
1171 221 1357 280 Dixit,
1393 224 1449 272 δι
1480 220 1599 288 quia
1614 220 1863 292 magnetis

247 299 1028 378 instarferratoponderegaudet
1065 338 1083 364 ,
1122 303 1172 352 in
1188 298 1292 351 haec
1306 292 1860 364 verbaPatrirelt-tipfit.

416 383 626 438 Coelites
665 395 711 432 te
746 380 973 450 sospitent
998 413 1012 437 ,
1050 374 1270 431 verende
1318 375 1545 428 Genitor.
1622 371 1863 442 Sapientis

247 456 460 531 quidem
490 459 561 511 est
588 496 601 518 ,
627 460 676 508 in
693 459 865 526 quavis
884 456 978 507 alia
1001 471 1053 506 te
1067 453 1156 506 diu
1188 452 1510 520 multumque
1537 445 1808 501 deliberare
1830 467 1861 512 ,-

249 552 298 590 at
311 553 464 588 nemo
489 535 629 586 sanus
643 532 840 586 dubitat
867 571 880 593 ‚
919 549 982 584 an
1017 531 1195 583 melior
1209 529 1314 581 fieri
1340 525 1535 580 debeat.
1615 523 1864 579 Hellebo-

247 630 307 665 to
340 611 529 684 indiget
562 646 580 674 ,
623 611 912 681 Anticyram
951 605 1164 680 ablegari
1198 605 1379 678 dignus
1406 607 1523 674 ‚qui
1560 605 1612 653 in
1649 602 1859 674 longam

248 688 577 760 quaestionem
603 686 749 739 trahit
787 722 802 745 ,
836 702 1002 737 utrum
1045 683 1190 738 DEO
1218 696 1382 753 pateat
1410 718 1424 739 ‚
1460 696 1526 731 ex
1551 675 1769 732 sordibus
1792 675 1862 732 ad

247 763 603 818 nobilissimum
646 769 754 816 vitae
772 764 944 816 statum
989 760 1247 813 liberaliter
1279 760 1525 811 invitanti.
1604 756 1727 809 Non
1768 755 1867 822 de-=

248 839 330 894 bet
357 839 546 894 attendi
564 844 705 912 origo
740 838 997 911 sanguinis.
1030 837 1314 889 Periculum
1338 836 1428 894 est,
1448 851 1512 887 ne
1538 835 1588 883 in
1602 831 1744 885 fonte
1763 832 1861 885 fal-

249 918 429 970 lamur.
508 918 698 970 Omnis
723 921 949 988 princeps
972 913 1034 966 ab
1062 918 1232 986 ignoto
1266 917 1401 966 venit
1431 948 1445 971 ‚
1481 917 1535 965 &
1564 914 1732 962 omnis
1754 911 1863 981 ple·

246 993 426 1059 bejuse
460 991 610 1046 nobili
639 994 724 1047 est.
807 994 980 1046 Nemo
1012 989 1140 1042 bene
1168 987 1443 1060 triumphat
1498 986 1655 1041 aliena
1689 985 1860 1060 glotifi.

246 1070 357 1124 Sola
375 1075 526 1122 virtus
545 1087 719 1123 verum
748 1068 988 1123 Nobilem
1015 1063 1184 1119 efficit.
1211 1064 1454 1119 Nobilitas
1476 1063 1751 1118 hominum
1769 1062 1860 1124 est,

246 1164 354 1200 non
382 1148 685 1200 Nominum.
764 1149 970 1218 Qanta
991 1143 1130 1213 Judae
1155 1142 1398 1197 Nobilitas
1421 1143 1549 1201 fuit‚·
1585 1139 1728 1214 quod
1760 1159 1860 1193 no-

248 1241 316 1276 vo
330 1225 571 1277 miraculo
597 1261 613 1284 ,
651 1225 773 1296 quia
806 1221 910 1276 fine
939 1236 1114 1277 mutua
1128 1237 1315 1286 naturae
1326 1223 1591 1292 prioritate,
1630 1215 1696 1278 3}ss
1772 1216 1861 1270 Sui

247 1299 444 1352 Authot
478 1299 739 1361 Authotis,
771 1316 966 1353 numen
995 1312 1228 1351 numeret
1249 1303 1379 1351 inter
1411 1297 1630 1366 Nepotes
1655 1331 1671 1355 ‚
1693 1301 1747 1350 δι
1766 1297 1860 1361 Ju-

248 1375 386 1431 daeus
411 1375 605 1430 dicatur
628 1375 940 1432 DEthesed
972 1380 1093 1428 tanti
1118 1378 1340 1427 nominis
1367 1374 1579 1448 gloriam
1591 1372 1747 1426 limile
1777 1374 1858 1424 in·

245 1451 364 1504 fecit
383 1454 718 1519 nomenJudae
745 1458 1005 1524 proditoris
1022 1472 1047 1513 ,·
1073 1467 1124 1504 ut
1150 1450 1280 1506 adeo
1294 1452 1445 1504 tribus
1477 1451 1644 1504 litteris
1669 1446 1857 1504 Meffiae

247 1529 442 1582 Patrem
472 1531 683 1601 appelles
718 1566 733 1590 ,
766 1538 819 1584 δε
849 1527 1167 1583 Parricidam.
1200 1528 1411 1584 Austera
1434 1533 1532 1580 vita
1565 1528 1637 1584 est
1660 1564 1676 1587 ‚
1697 1542 1856 1598 quam

246 1607 505 1673 amplexus
578 1605 686 1659 sum
729 1621 747 1674 3
785 1606 865 1660 led
912 1611 1146 1680 ignorare
1193 1621 1291 1658 nec
1335 1621 1469 1674 potes
1497 1640 1513 1666 ,
1553 1622 1648 1657 nec
1671 1602 1854 1666 debes,

248 1682 434 1734 ‹oelum
461 1718 478 1741 ,
539 1696 593 1733 ut
655 1689 834 1737 omnia
895 1681 1098 1755 pulchra
1151 1719 1167 1741 ,
1209 1688 1263 1735 in
1302 1683 1463 1737 arduo
1528 1682 1854 1737 collocatum.

248 1756 319 1810 Εὸ
347 1775 453 1810 non
484 1756 569 1810 nisi
587 1775 672 1829 per
700 1757 903 1833 abrupta
927 1766 982 1814 δι
1008 1757 1241 1812 umbrosa
1260 1797 1269 1816 ,
1287 1775 1371 1831 per
1396 1764 1532 1812 viam
1557 1760 1818 1813 molestam
1837 1795 1856 1820 ,

245 1840 297 1888 δε
322 1850 511 1904 portam
555 1837 836 1909 Angustam
874 1834 1217 1893 eluitandum.
1295 1837 1343 1889 Si
1389 1837 1533 1890 Gulae
1574 1836 1749 1888 servite
1775 1872 1790 1897 ,
1817 1833 1853 1887 fi

247 1915 399 1964 vitam
427 1915 529 1963 otio
553 1927 709 1965 terere
730 1955 746 1976 ,
768 1913 801 1966 fi
830 1914 1117 1977 commodis
1144 1914 1403 1988 indulgere
1421 1913 1602 1965 vellem
1627 1950 1644 1973 ‚
1664 1911 1854 1966 coelum

246 1986 430 2056 sperare
451 2005 553 2040 non
585 1986 790 2058 possem.
870 1993 997 2046 Non
1041 1990 1129 2044 nili
1156 1997 1326 2044 omnia
1356 1987 1694 2045 deterentibus
1726 1985 1853 2042 illud

247 2064 489 2133 pollicitus
525 2066 594 2119 est
625 2067 812 2121 DEUS.
892 2069 1003 2121 Scio
1036 2105 1051 2132 ,
1089 2073 1237 2122 etiam
1277 2072 1331 2121 in
1373 2067 1550 2123 {xenio
1585 2065 1683 2120 effe
1709 2105 1724 2128 ‚
1761 2067 1851 2138 qui

249 2140 328 2192 sua
363 2158 659 2213 genuaante
695 2145 806 2198 Baal
846 2163 951 2199 non
981 2162 1236 2207 curvent,·
1264 2145 1342 2200 sed
1374 2145 1637 2196 hominem
1653 2142 1849 2213 sapien-

242 2216 411 2270 temid
430 2235 633 2271 movere
662 2237 758 2276 nec
779 2221 927 2277 debet
950 2241 1063 2286 ‚nec
1098 2223 1268 2293 potest.
1346 2219 1511 2275 Habet
1548 2223 1675 2294 ignis
1717 2218 1850 2278 hane

241 2307 572 2353 naturam-nt
600 2311 772 2350 exuerat
798 2339 812 2359 ,
846 2317 979 2372 aqua
1004 2316 1057 2352 ut
1081 2297 1288 2354 suffocet
1324 2320 1349 2361 ,-
1382 2299 1552 2352 Petrus
1583 2313 1636 2350 m
1674 2300 1798 2351 mari
1831 2326 1849 2353 2

242 2384 337 2426 tres
374 2374 566 2445 parvuli
593 2376 646 2426 in
670 2373 875 2452 fornace
908 2376 1210 2448 Babylonica
1248 2375 1482 2434 mansere
1523 2373 1807 2432 incolumes
1827 2388 1845 2422 ς

1528 2447 1532 2451 ’
1670 2449 1845 2506 stultus
