1988 2698
176 118 267 170 15⁶
817 99 943 164 ἐξὲξ(
987 103 1042 159 ⁶1⁴
1097 97 1260 164 >wa

167 229 310 283 bilius
329 248 357 293 ,·
437 223 561 280 nihil
588 226 852 297 potentius.
915 223 969 274 Ο
998 237 1185 294 quanta
1218 220 1458 295 dignitas,
1485 220 1774 292 filium-par..

167 311 370 377 ticiparc
421 322 542 357 curn
608 301 753 355 DEO
782 336 796 359 ,
836 307 888 354 δε
941 301 1070 351 ulnis
1112 299 1397 350 Alumnum
1437 297 1780 371 gerere,orbe

169 385 456 449 majorem!
495 381 549 433 O
584 392 742 451 gratas
781 374 1088 429 educationis
1129 369 1299 430 vices!
1337 375 1422 427 Illa
1463 376 1616 427 servat
1645 397 1666 437 ,·
1697 374 1778 428 hic

167 459 313 513 servit
340 495 354 519 ,
392 465 446 512 &
488 458 714 509 altricem
745 455 884 505 suam
915 452 1171 505 Alumnus
1198 454 1295 503 alit.
1377 453 1540 504 Orant
1574 453 1771 517 alijnu-

168 554 292 590 men
321 575 334 598 ,
377 535 482 587 haee
508 537 639 605 cogit
667 548 685 599 3
724 548 842 582 nam
877 528 1054 593 Matris
1082 546 1196 580 vora
1235 533 1446 597 imperia
1472 529 1593 579 sunt.
1680 529 1777 580 Ni..

159 612 233 667 hil
251 612 346 665 hac
365 608 640 664 amabilius,
673 608 832 659 Annis
851 610 1048 676 triginta
1067 605 1210 658 dorni
1235 603 1360 656 haesit
1380 607 1592 658 Divinus
1610 603 1778 656 Philo-

165 689 347 761 sophus
375 727 388 748 ‚
428 692 545 757 quia
585 688 838 737 ornnesin
877 683 1046 735 Matre
1098 679 1298 742 delicias
1348 680 1534 732 habuit.
1617 679 1778 733 Athe-

169 784 336 821 naeum
369 762 616 835 supplebat
636 760 867 814 MARIA
898 797 913 820 ,
951 766 1003 813 &
1030 756 1172 823 hujus
1191 757 1374 811 affidua
1411 761 1778 824 contemplatio

166 857 270 896 erat
302 838 708 911 encyclopedia3
751 834 891 906 quod
935 836 1028 887 alia
1070 838 1122 886 in
1172 838 1307 885 terris
1352 833 1565 886 eruditio
1607 835 1775 904 Magi-

163 922 262 976 stro
290 918 389 972 hoc
417 917 574 989 digna
602 932 707 966 non
723 912 888 964 fuerit.
972 910 1193 965 Rursum
1236 908 1354 962 sicut
1383 909 1728 962 descendentis
1748 908 1777 961 e*

169 997 304 1070 coelo
337 999 494 1066 prima
529 993 672 1046 statio
698 989 947 1042 MARIAE
976 1003 1139 1038 uterus
1169 1022 1183 1045 ,
1224 991 1287 1037 ita
1314 986 1621 1037 ascendentis
1644 985 1670 1037 ἐ
1704 986 1776 1036 se..

163 1066 376 1147 pflilchro
406 1077 564 1142 prima
593 1072 787 1137 requies
809 1064 901 1116 fuit
933 1064 1167 1117 MARIAE
1198 1062 1396 1115 domus.
1438 1063 1483 1113 Si
1525 1061 1658 1133 apud
1701 1067 1778 1112 in-

167 1153 298 1204 feros
329 1166 532 1218 poenam
563 1143 791 1214 potuisset
822 1141 1054 1211 pati,alia
1081 1139 1216 1191 certe
1245 1156 1350 1190 non
1378 1138 1535 1191 suiffet
1574 1177 1587 1199 ,
1626 1136 1779 1207 quam

167 1224 309 1300 quod
343 1224 411 1277 i'oi
452 1225 499 1277 se
539 1219 664 1275 vidit
700 1258 714 1282 ,
751 1216 840 1270 ubi
886 1217 1119 1271 MARIA
1176 1232 1281 1267 non
1334 1214 1465 1268 estet.
1543 1216 1778 1268 Demum

166 1302 428 1377 pendentis
450 1300 477 1354 ἐ
505 1315 654 1352 cruce
676 1297 789 1351 DEI
815 1291 1036 1366 effigiem
1076 1289 1213 1343 vobis
1238 1292 1486 1361 relinquo,
1571 1292 1638 1341 Ur
1666 1309 1780 1343 mo-

169 1383 314 1435 rienti
341 1381 586 1449 peccatori
614 1379 665 1425 in
694 1376 972 1440 Civitatem
1001 1368 1206 1440 Refugij
1239 1368 1428 1421 facilior
1450 1365 1566 1422 esset
1592 1363 1779 1440 ingres.

172 1457 250 1511 sus
279 1494 295 1517 ‚
329 1473 434 1507 non
479 1458 531 1506 in
578 1469 684 1504 uno
723 1443 970 1503 dunfaxat
1004 1447 1156 1497 latere
1182 1483 1194 1505 ‚
1221 1443 1299 1497 sed
1339 1448 1390 1496 in
1420 1449 1563 1496 omni
1588 1443 1778 1519 angulo

168 1539 375 1604 januam
399 1534 606 1602 aperuit.
686 1528 875 1579 Avarus
912 1522 1083 1577 DEUS
1124 1538 1227 1571 non
1265 1523 1334 1574 est
1370 1541 1397 1584 ,·
1440 1525 1778 1591 promptuaria

171 1612 256 1666 sua
297 1608 428 1660 ultro
458 1604 608 1659 ‘offert
644 1603 746 1656 fine
781 1602 906 1654 seris.
985 1601 1186 1651 Divitiae
1227 1598 1352 1649 illius
1396 1615 1574 1649 omnes
1616 1599 1690 1649 his
1724 1600 1777 1648 in

173 1686 411 1759 specubus
437 1682 758 1736 affervantur.
836 1681 1010 1749 Quem
1041 1674 1126 1726 hic
1165 1671 1451 1726 thesaurum
1497 1689 1602 1725 non
1639 1678 1784 1725 inve-

173 1769 337 1828 neris,
374 1761 522 1833 plane
546 1758 792 1831 perditum
816 1770 945 1824 puta.
1031 1754 1143 1805 Hac
1182 1749 1245 1802 ad
1283 1756 1461 1801 arcana
1483 1749 1708 1804 coelitum
1738 1753 1781 1801 i-

377 1853 449 1892 ter
472 1839 543 1894 est
571 1859 597 1904 ,-
637 1837 723 1904 qui
760 1850 844 1902 per
871 1829 975 1882 haec
1004 1830 1124 1881 ostia
1151 1824 1213 1877 ad
1241 1825 1448 1881 DEUM
1473 1843 1577 1879 uon

615 1916 803 1971 intrat,
833 1907 913 1960 fur
951 1907 1020 1959 est
1059 1943 1072 1968 ‚
1111 1909 1164 1956 δε
1206 1901 1343 1955 latro.

835 2161 1200 2254 aaa&

1549 2335 1777 2392 XXXX.
