1988 2698
837 107 964 173 Q(
996 113 1048 169 »Β
1080 105 1202 173 )ἓὲθ
1759 120 1858 176 ¹07

237 231 498 292 immerito
521 230 813 288 Stanislaum
839 232 1033 303 templo
1069 243 1384 301 comparares
1407 262 1424 289 ,
1456 225 1544 280 ubi
1567 223 1685 281 fidei
1714 227 1856 286 Petra

238 311 481 368 fundatur
518 316 573 364 in
624 308 761 363 bafin
795 326 815 376 3
849 311 1049 361 virtutes
1076 310 1334 378 eriguntur
1363 309 1415 357 in
1441 308 1704 358 columnas
1728 324 1747 375 3
1773 307 1852 363 di-

239 394 368 444 vinae
391 392 557 462 gratiae
582 386 913 458 disponuntur
943 388 998 436 in
1025 384 1258 438 fenestras
1283 399 1301 451 3
1340 398 1486 434 amor
1516 381 1757 435 exaltatur
1793 389 1848 437 in

237 465 436 518 tholum
461 486 487 527 ;
523 463 682 516 sensus
707 464 991 533 aperiuntur
1015 466 1066 514 in
1095 475 1253 532 portas
1279 476 1297 528 3
1322 457 1504 512 divina:
1537 457 1703 510 laudes
1735 464 1845 511 ani-

237 556 444 597 mantur
471 545 524 592 in
553 538 794 592 musicam
823 555 841 606 3
873 555 961 590 cor
1005 551 1278 590 exornatur
1303 540 1355 587 in
1395 551 1534 588 aram
1561 552 1582 602 3
1616 536 1845 589 voluntas

235 617 556 672 consecratur
571 620 622 667 in
655 613 960 669 sacerdotem
985 636 1012 679 ,-
1037 611 1332 685 cupiditates
1368 611 1652 681 nudantur
1689 615 1741 662 in
1767 617 1845 664 vi-

231 697 410 750 &imas
434 712 460 756 ,·
497 696 578 762 pia
600 709 748 762 opera
780 688 1065 744 offeruntur
1101 695 1154 742 in
1192 687 1442 742 sacrificia.
1519 685 1673 740 Certe
1713 686 1841 741 nihil

236 767 426 825 videbis
453 773 506 820 in
537 768 824 835 hocjuvene
845 767 1097 842 Reli-gioso
1117 803 1136 832 Α,
1159 764 1293 836 quod
1311 782 1416 816 non
1446 763 1638 816 sacrum
1657 762 1843 817 horro-

232 864 341 899 rem
384 880 400 904 ‚
447 845 705 899 coelestem
720 844 980 916 quandam
1015 846 1352 896 reverentiam
1381 879 1395 902 ‚
1423 842 1721 914 religionem
1746 858 1840 894 an.

235 924 454 994 gelicam
532 960 547 984 ,
616 929 673 976 δε
762 921 993 975 divinam
1073 918 1210 990 quasi
1287 918 1432 988 spiret
1511 918 1842 983 majestatem.

230 999 301 1052 At
331 1001 472 1049 enim
509 1000 758 1069 templum
797 997 899 1051 hoe
940 1000 1159 1052 Divinus
1197 998 1325 1068 ignis
1366 991 1574 1046 subinde
1595 998 1660 1044 ita
1682 998 1839 1046 corti.

231 1078 337 1144 puit
375 1111 390 1133 ,
429 1088 483 1124 ut
515 1074 704 1127 solliciti
742 1090 937 1144 tyrones
972 1071 1301 1126 exclamarint
1325 1071 1500 1142 :ferte
1525 1071 1624 1122 citi
1642 1069 1835 1141 flantes!

232 1147 426 1206 Verum
478 1149 618 1203 nov&
676 1148 922 1205 miracul&
954 1167 1083 1220 aqua
1161 1146 1413 1201 ambiebat
1459 1152 1631 1219 ignem
1679 1185 1694 1207 ,
1726 1164 1836 1200 non

224 1222 548 1298 extinguebat
570 1248 589 1278 ,-
613 1244 787 1297 pacem
817 1232 868 1278 in
884 1226 1038 1280 corde
1059 1229 1275 1278 retinent
1299 1228 1424 1297 ignis
1451 1231 1504 1278 δε
1533 1239 1677 1293 aqua.
1725 1226 1836 1294 Qui

226 1302 341 1355 alibi
369 1302 529 1357 hostes
556 1341 572 1366 ³
597 1308 651 1356 in
676 1303 915 1356 Stanislao
938 1306 1092 1357 amici
1116 1303 1227 1354 sunt
1250 1339 1265 1365 ,
1288 1310 1341 1359 δι
1378 1299 1564 1355 domus
1602 1299 1830 1369 ejusdem

226 1379 479 1449 inquilini.
534 1434 536 1437 ¹

383 1457 505 1507 Non
540 1454 715 1508 frustra
750 1452 987 1508 imberbis
1007 1467 1096 1507 ore
1128 1457 1347 1529 pingitur
1380 1455 1600 1508 Divinus
1627 1452 1830 1516 Amorss

225 1528 517 1584 Timothee.
557 1533 683 1586 ‘Vult
710 1536 881 1604 imago
907 1530 1015 1583 haec-
1039 1547 1158 1583 cum
1188 1531 1398 1602 parvulis
1421 1532 1616 1601 semper
1642 1530 1838 1583 cresee-

230 1625 303 1659 re.
379 1608 446 1664 Ut
474 1624 628 1660 nemo
663 1607 767 1660 fine
788 1606 942 1661 corde
966 1645 980 1669 ‚
1006 1612 1072 1659 ita
1123 1624 1279 1661 nemo
1327 1611 1450 1659 vivit
1500 1605 1603 1659 fine
1637 1624 1831 1660 amore.

226 1683 443 1736 Felicem
473 1697 520 1735 te
543 1721 558 1745 ,
580 1682 613 1735 fi
642 1703 788 1738 amor
814 1700 927 1736 tuus
952 1681 1016 1735 ibi
1043 1682 1127 1745 sit,
1157 1684 1240 1737 ubi
1256 1701 1450 1737 amores
1465 1680 1669 1753 posuisse
1695 1700 1831 1735 nun-

228 1776 384 1828 quam
420 1764 653 1829 poeniteat
686 1752 705 1817 l
784 1762 917 1815 Rara
941 1765 1068 1812 inter
1095 1758 1330 1815 homines
1366 1764 1588 1813 amicitia
1621 1761 1830 1816 constat.

222 1836 362 1906 Saepe
409 1853 536 1906 quos
584 1854 738 1890 mane
786 1841 1021 1904 junxerat
1068 1835 1174 1891 dies
1201 1876 1217 1898 ,
1263 1838 1396 1891 serus
1450 1834 1587 1889 idem
1622 1830 1845 1890 dividit.'

227 1912 351 1963 Sunt
378 1913 583 1965 corcula
625 1914 922 1985 plerumque
955 1913 1112 1966 diaria
1149 1952 1162 1975 ,
1201 1913 1418 1974 lubrica,
1443 1920 1497 1967 &
1529 1911 1665 1965 fluxa
1702 1911 1820 1967 fide.

230 1987 353 2039 Sunt
403 1988 578 2058 'pluma
611 1987 770 2064 magis
803 1992 995 2062 plumei
1034 2028 1050 2050 ,
1084 1998 1136 2045 δι
1165 1988 1295 2044 vitro
1332 1985 1492 2059 tnagis
1535 1992 1676 2042 vitrei
1708 2025 1724 2049 ‚
1749 1993 1827 2042 in·

228 2064 372 2137 digni
409 2069 559 2118 amici
587 2073 815 2129 nomine,
891 2067 970 2120 Sic
1000 2082 1137 2119 amat
1164 2072 1357 2120 amicus
1392 2061 1597 2134 Pylades
1616 2102 1633 2125 ,
1661 2079 1824 2119 utne-
1850 2088 1852 2090 ’

227 2145 358 2194 mini
395 2138 467 2192 bis
493 2140 548 2193 fit
582 2148 786 2202 amicus.
862 2144 942 2196 Sic
970 2158 1106 2196 amat
1141 2150 1335 2197 amicus
1358 2142 1532 2198 DEUS
1557 2180 1571 2204 ,
1593 2155 1648 2193 ut
1674 2159 1820 2194 amo-

226 2233 337 2269 rem
361 2231 572 2270 aeternus
596 2219 782 2280 foveat,
857 2221 1087 2276 Elatusin
1100 2230 1256 2277 crucis
1270 2219 1560 2273 cathedram
1581 2218 1822 2292 Magister

227 2291 315 2353 hic
340 2296 442 2347 veri
464 2299 646 2350 amoris
673 2334 689 2361 ‚
711 2294 947 2352 idiomate
964 2302 1244 2352 amantium
1274 2295 1478 2372 posthae
1510 2296 1825 2371 loquuturus,

971 2374 1027 2428 O
1068 2390 1101 2427 2.
1729 2387 1822 2425 ore
